4718 6000
1016 1581 1108 1679 ΠΙ.
1161 1579 1525 1694 ΒΕΡΕΤΙΤΙΟ

725 1837 730 1846 ,
791 1731 1267 1834 CONFESSIONIS
1303 1732 1759 1849 AUGUSTANAE

1226 1880 1325 1946 SlVE

354 2023 722 2115 conansslo
762 2022 1151 2113 nocnnlnon
1188 2021 1685 2128 soxouwonnm
1721 2023 2193 2114 ncunnsmnnu

683 2195 997 2283 AUCTORE
1041 2194 1358 2282 PHILIPPO
1402 2196 1875 2283 MELANTHONF,

423 2445 488 2512 lam
518 2451 553 2512 in
577 2447 719 2512 comitiis
747 2449 909 2530 Augustae
937 2446 1168 2512 vindelicorum
1194 2468 1222 2510 a.
1256 2396 1348 2512 1530.
1381 2447 1495 2511 babitis
1525 2447 1697 2514 conciliatio
1725 2445 1953 2514 Catholicorum
1982 2458 2015 2513 et
2042 2447 2283 2514 Protestaatlnm

265 2545 463 2618 (quamquam
490 2535 615 2614 frustra)
636 2542 753 2597 tentata
769 2543 830 2599 est.
863 2531 942 2597 Cum
960 2536 1059 2607 enim,
1081 2534 1189 2598 borum
1208 2532 1411 2613 Cunlbasim
1426 2534 1611 2617 illorumque
1629 2534 1855 2614 Constitutione
1874 2539 1944 2599 eius
1965 2535 2088 2620 publice
2104 2534 2282 2620 praebetis,
2300 2543 2305 2552 '

264 2642 317 2685 res
339 2640 378 2684 eo
401 2639 532 2702 vergere
554 2622 724 2694 videretur,
746 2629 781 2684 nt
802 2621 924 2683 insectis
946 2622 1088 2684 omnibus
1106 2619 1317 2684 discederetur
1336 2623 1494 2702 utrinqne,
1517 2620 1678 2684 consilium
1695 2628 1815 2705 captum
1838 2630 1889 2684 est
1909 2622 2137 2687 deliberationis
2154 2621 2195 2685 de
2214 2628 2284 2686 teto

265 2710 389 2813 ngotio
414 2727 472 2789 per
494 2727 623 2789 pancos.
667 2705 754 2770 'l'unc
772 2707 863 2790 igitur
884 2726 924 2769 ex
944 2714 1072 2787 utraque
1093 2713 1179 2790 parte
1201 2705 1291 2769 electi
1312 2715 1385 2769 sunt
1405 2714 1525 2790 reptem
1542 2709 1608 2781 viri,
1631 2709 1732 2791 iisque
1753 2708 1807 2771 illa
1827 2709 2011 2774 consultatio
2033 2708 2200 2771 commissa
2221 2712 2284 2772 est.

264 2792 353 2858 lartio
377 2793 507 2875 quidem
530 2795 608 2856 satia
630 2794 712 2856 bene
733 2813 784 2856 res
806 2792 971 2875 procedere
992 2794 1164 2867 videbatur3
1185 2793 1397 2875 progrediente
1418 2800 1518 2856 autem
1541 2793 1785 2858 consideratione
1812 2802 1931 2878 septem
1962 2795 2063 2878 capita
2087 2794 2285 2876 potissimum

265 2880 422 2962 descripte
444 2899 484 2942 sc
502 2881 660 2962 proposita
680 2887 769 2952 sunt,
792 2879 979 2962 dequibus,
1000 2882 1030 2942 si
1051 2878 1116 2941 beri
1137 2887 1264 2961 poseat,
1286 2886 1390 2960 partes
1414 2879 1636 2943 concordarent
1670 2880 1757 2943 llaec
1778 2888 1879 2944 arants
1903 2887 1930 2943 1.
1953 2881 1995 2944 de
2014 2887 2145 2962 caraque
2165 2881 2283 2963 specie,

267 2970 298 3028 b.
320 2965 361 3027 de
383 2965 508 3037 Missa,
538 2970 569 3028 3.
591 2966 632 3027 de
653 2967 801 3048 camapio
823 2965 1036 3044 eneoedotanrr,
1063 2969 1094 3028 4.
1117 2965 1258 3028 deuotis
1278 2964 1520 3038 Meneclem,
1546 2969 1577 3029 5.
1600 2965 1642 3028 de
1657 2973 1820 3048 potestate
1841 2973 1872 3029 et
1893 2967 2113 3029 iurisdictione
2136 2964 2284 3028 ecciuiu·

265 3054 433 3114 edocetur
454 3050 701 3133 Episcopurrun,
733 3056 763 3115 6.
782 3051 823 3115 de
840 3051 930 3115 bouis
946 3049 1224 3125 Munudcriorurrr,
1252 3056 1281 3114 7.
1305 3050 1347 3113 de
1370 3051 1579 3130 Confessum.
1624 3048 1704 3114 Cum
1726 3050 1828 3116 iubis
1853 3051 1936 3116 nulla
1962 3071 2039 3135 spes
2066 3052 2284 3121 consensionis

266 3139 506 3216 ostenderetur,
528 3140 666 3211 undem,
689 3139 772 3220 quod
793 3141 870 3201 inter
890 3157 1006 3220 paucos
1029 3138 1120 3200 citius
1143 3137 1295 3201 conveniri
1318 3155 1413 3218 posse
1435 3136 1630 3211 credebatur,
1653 3157 1809 3201 numerum
1831 3137 2063 3202 deliberantium
2088 3137 2205 3220 placuit
2227 3138 2283 3199 mi-

267 3226 334 3296 nui,
358 3232 390 3286 et
412 3244 471 3305 pru
494 3230 614 3306 septem
633 3230 696 3286 tres
719 3227 750 3287 in
773 3223 935 3287 consilinm
957 3223 1034 3287 illud
1055 3223 1207 3297 adhiberi,
1230 3224 1261 3285 in
1283 3243 1360 3304 quo,
1383 3224 1495 3286 ceteris
1516 3242 1641 3286 snorum
1662 3226 1806 3294 remotis,
1829 3225 1962 3305 deniqne
1988 3225 2077 3287 solus
2098 3216 2282 3286 blelantlro'n

265 3308 510 3373 Protestantium
533 3329 585 3371 res
604 3312 724 3390 agebat
768 3308 836 3372 Sed
857 3312 904 3371 sic
926 3329 1049 3393 quoqne
1071 3309 1225 3391 colloquia
1241 3309 1379 3371 instituta
1401 3307 1515 3372 nullum
1538 3309 1707 3373 babuerunt
1727 3328 1919 3373 successum.
1964 3309 2157 3393 Quapropter
2181 3307 2281 3391 lmpe-

266 3402 347 3458 rator
367 3396 518 3477 opinans,
541 3395 693 3457 eiusmodi
712 3397 934 3459 controversias
957 3397 986 3457 in
1009 3393 1139 3457 concilio
1157 3393 1292 3475 generab
1313 3393 1434 3456 facilius
1456 3413 1552 3476 posse
1569 3396 1725 3477 componi,
1747 3397 1882 3459 decrevit
1906 3396 1988 3478 apud
2012 3393 2143 3478 Papam,
2170 3393 2281 3475 Reges

267 3481 411 3560 aliosque
440 3477 604 3561 Principes
628 3501 749 3562 operam
773 3481 963 3563 impendere,
992 3487 1026 3543 ut
1052 3478 1128 3542 illud
1148 3500 1219 3542 mox
1240 3479 1309 3541 loco
1337 3480 1496 3541 commodo
1518 3479 1700 3543 indiceretur
1728 3480 1812 3562 (vide
1835 3481 1927 3544 buius
1950 3478 2042 3565 Gnrp.
2064 3478 2139 3544 Vol.
2162 3477 2295 3544 xxvt·

290 3609 299 3627 .
322 3571 362 3630 99
385 3585 404 3627 s
428 3611 461 3627 ..

258 3587 289 3698 ,p
406 3569 578 3725 qduontam
601 3659 701 3713 antem
724 3648 874 3732 Papamm
892 3653 1007 3713 astutia
1027 3650 1086 3714 bec
1108 3648 1269 3712 concilium
1287 3649 1342 3711 diu
1362 3651 1640 3732 procrastinaretur,
1662 3652 1748 3715 multi
1769 3652 1948 3725 studebant,
1971 3659 2005 3715 ut
2025 3672 2126 3733 usqne
2143 3671 2195 3726 co,
2217 3671 2280 3732 quo

269 3736 430 3800 concilium
453 3743 651 3798 convocatum
681 3743 784 3810 esset,
815 3744 847 3800 et
864 3739 1088 3799 controversias
1110 3738 1142 3799 io
1163 3748 1258 3799 oe‘nsa
1279 3734 1437 3818 religionis
1464 3743 1546 3798 ortae
1568 3736 1736 3810 dirimeret,
1765 3738 1955 3800 concordiam
1978 3739 2129 3818 quandam
2154 3739 2281 3798 iuterim

268 3822 471 3886 conciliarent
516 3821 583 3883 lluc
601 3821 748 3896 consilio,
766 3822 957 3904 imperatoris
980 3824 1087 3894 iussn,
1106 3825 1136 3885 in
1164 3820 1329 3902 colloquio
1355 3821 1580 3884 Ratisbonensi
1607 3842 1635 3885 a
1661 3828 1751 3886 1541.
1776 3825 1929 3897 instituto,
1956 3843 1977 3885 a
2002 3823 2166 3887 Granrells
2192 3821 2281 3885 tbeo·

267 3909 397 3991 logisd
422 3911 472 3970 it.
493 3907 610 3989 Aprilis
629 3909 759 3971 traditus
781 3915 831 3971 est
851 3907 929 3971 liber
949 3928 968 3970 a
990 3905 1068 3972 lob.
1091 3908 1304 3991 Groppero,
1328 3908 1483 3970 canonico
1504 3905 1748 3989 Coloniensi,‘)
1776 3910 1929 3991 scriptus,
1957 3911 2009 3991 qui
2031 3909 2109 3972 liber
2128 3908 2281 3972 &uec

267 3998 388 4067 ηαυίε,
411 4001 522 4075 postea
543 3994 672 4056 iuterim
689 3993 918 4057 Rutirdorremc
938 3993 1110 4076 appellatus
1132 3997 1256 4072 est.”)
1299 3994 1350 4057 De
1366 3994 1427 4056 boe
1447 3996 1526 4057 enim
1543 3994 1622 4057 libro
1645 3993 1817 4077 imperatori
1838 4015 2020 4076 persuasum
2043 4004 2123 4070 erat,
2146 4016 2184 4058 eo
2208 3996 2280 4077 ipso

267 4081 545 4162 utriusquepartis
568 4097 805 4161 errorespusse
831 4082 949 4162 corrigi.
993 4078 1174 4144 Postulabat
1195 4081 1300 4162 igitur,
1322 4087 1356 4143 ut
1378 4079 1428 4141 bic
1445 4080 1592 4162 probatus
1613 4082 1812 4162 reciperetur3
1840 4082 1872 4143 id
1893 4083 1977 4162 qnod
2002 4089 2108 4145 neutra
2134 4101 2208 4166 pars
2235 4079 2281 4142 ta·

267 4187 338 4229 cere
359 4165 465 4229 voluit.
513 4165 658 4227 Saxonici
682 4164 767 4229 illum
786 4167 908 4248 quidem
931 4185 989 4227 non
1012 4169 1136 4247 penitus
1156 4167 1351 4239 reiiciebant,
1374 4165 1432 4227 sed
1454 4168 1623 4230 censebant
1644 4167 1795 4230 emendari
1818 4174 1965 4249 oportere,
1988 4170 2071 4231 etin
2093 4189 2133 4231 eo
2154 4184 2281 4250 operam

265 4251 934 4420 adstitit{tltt‘ittttftt
953 4258 1063 4400 titt
1079 4251 1609 4420 ‘tmtl't‘ttttttttt
1621 4251 2176 4422 debibi'ln‘lfii'aibffl
2196 4251 2280 4402 iii

264 4426 347 4488 modi
368 4424 478 4486 librum
502 4443 520 4484 a
543 4420 641 4484 lulio
666 4421 827 4505 Pilugio
850 4424 1106 4506 Nanmburgensi,
1128 4423 1326 4487 blicbaele
1347 4423 1583 4505 lleldingio,
1606 4422 1734 4486 Sidonio
1755 4423 1923 4506 Episcopo,
1942 4433 1974 4488 et
1998 4422 2073 4492 lob.
2097 4421 2280 4510 Agricola

370 4717 399 4786 ⁸)
418 4721 490 4772 iluna
507 4720 577 4771 enim
595 4719 730 4771 auctorem
753 4716 832 4770 butus
854 4715 914 4768 libri
935 4716 1056 4778 oesnnar
1077 4715 1224 4768 stelantbon
1241 4715 1268 4769 in
1286 4716 1394 4781 epistola
1411 4715 1446 4768 ad
1463 4715 1595 4768 Brentlnm
1618 4714 1643 4768 d
1663 4716 1704 4765 11.
1722 4714 1779 4768 lulli
1800 4717 1896 4783 scripte
1919 4715 1960 4780 (ln
1982 4714 2060 4813 bulm
2078 4715 2151 4778 tlorp.
2166 4713 2279 4837 ΜΒΝ.

418 4788 569 4916 titt
583 4785 867 4916 ttrrrtrtrtt
881 4784 1397 4918 attractabatur.
1411 4783 2280 4920 :trid‘atteruntrtrrttrcfttraa

417 4925 470 4977 vira
488 4924 552 4977 Pbss.
570 4923 774 4976 ltetrncbtbonis
791 4922 938 4976 narratione
958 4922 991 4976 ab
1010 4922 1066 4986 ipso
1083 4921 1169 4974 denno
1186 4922 1256 4976 edita
1273 4934 1297 4987 p
1317 4921 1367 4972 194
1384 4934 1422 4986 sq.

350 5007 397 5073 ⁸⁸)
416 5008 460 5062 illc
478 5009 545 5062 tiber
561 5010 664 5072 integer
680 5020 790 5062 recusus
807 5010 849 5061 eat
865 5007 892 5061 in
909 5007 986 5061 buius
1004 5007 1079 5071 corp.
1094 5008 1149 5062 vol.
1166 5008 1203 5061 lv.
1220 5022 1247 5077 p.
1266 5007 1317 5058 190
1334 5019 1389 5072 sqq.
1401 5035 1434 5045 -
1445 5007 1580 5062 vanorum
1598 5007 1631 5059 de
1649 5019 1681 5061 co
1694 5008 1788 5062 indicia
1804 5008 1862 5061 ride
1880 5006 1940 5062 lbtd
1956 5022 1985 5077 p.
2000 5004 2051 5056 413
2064 5017 2129 5073 sqq„
2144 5005 2199 5055 440
2209 5015 2279 5071 app,

418 5075 468 5127 446
487 5089 551 5142 squ,
567 5079 620 5129 450
637 5089 700 5142 sqq,
717 5077 769 5127 tot
787 5089 834 5142 sq„
850 5074 903 5125 476
920 5088 975 5142 sqq.

332 5161 395 5230 ⁸⁸⁶)
414 5162 691 5298 conpbbcaqrpcrarti
708 5164 822 5217 nanatlo
839 5161 917 5216 modo
935 5161 1041 5215 ianm
1064 5164 1092 5229 p.
1111 5160 1170 5213 19⁶.
1193 5164 1221 5214 et
1242 5161 1271 5214 fl.
1288 5162 1313 5214 t
1331 5162 1356 5215 l.
1374 5161 1537 5214 Gnertckc
1564 5157 1757 5226 berniscrist
1775 5157 2004 5228 mrdcrpdbttrte
2027 5160 2070 5214 Ed
2088 5159 2112 5212 t.
2136 5161 2207 5214 lom.
2224 5157 2279 5214 m

415 5248 443 5300 p.
530 5245 544 5286 a
579 5270 585 5283 .
