4718 6000
108 412 152 481 81
678 415 689 445 l
893 410 920 481 l.
963 411 1173 482 aranas
1192 410 1342 487 viram

109 604 189 681 Aug.
230 604 279 664 15.
300 601 430 664 Domum
450 603 540 662 venit.

227 693 276 750 17.
297 690 456 749 Theodoro
477 687 579 782 scribit
599 707 674 765 quac
695 695 762 747 acta
781 688 891 748 fuerint
912 689 1043 751 Bonuae.

300 775 416 833 Bellum
433 776 509 833 inter
530 771 690 834 Caesarem
708 781 737 833 et
758 773 872 834 Ducem
894 772 1071 837 clivensem.

225 860 275 921 24.
298 859 384 919 Dura
404 861 433 918 ri
451 860 564 937 capitur
586 878 605 917 a
625 859 767 918 militibus
790 856 935 919 Caesaris.

108 941 190 1025 Sept.
246 947 274 1006 3.
297 945 366 1003 Mel.
389 945 563 1022 praefatur
554 964 585 1003 ιι
606 945 727 1005 librumc
751 943 950 1019 „Reformatio
971 945 1124 1007 Ecclesiae
1145 944 1344 1009 Coronensisl‘
1368 956 1425 1008 etc

248 1031 277 1090 6.
299 1029 348 1090 De
370 1049 464 1090 coena
483 1048 568 1090 sacra
583 1031 685 1090 scribit
705 1031 744 1088 ad
751 987 961 1092 ”Theodorum

248 1119 277 1177 7.
299 1116 365 1175 Pax
387 1117 461 1176 inter
483 1111 639 1175 Caesarem
660 1126 690 1174 ιι
709 1113 822 1175 Ducem
839 1112 970 1177 Cliveus.

228 1202 277 1260 10.
300 1202 370 1261 Μιι.
394 1202 567 1260 Bernhardo
589 1201 735 1279 Zieglero,
755 1201 894 1279 theologo
914 1201 1010 1279 Lips,
1031 1203 1134 1262 scribit
1153 1204 1317 1264 orationem
1339 1204 1371 1263 in
1392 1206 1577 1282 promotione
1597 1206 1761 1282 legendam.

109 1284 177 1348 Oct.
249 1289 278 1346 3.
301 1287 374 1347 Vito
394 1286 552 1346 Theodoro
574 1288 748 1345 sententiam
770 1304 853 1346 suam
873 1287 974 1346 scribit
996 1288 1033 1345 de
1054 1289 1241 1365 impositione
1263 1309 1401 1351 mannum
1424 1291 1512 1349 etde
1533 1294 1845 1352 excommunicatione.

223 1372 272 1432 22.
297 1373 383 1432 Vitus
403 1371 616 1443 Amerbachius
639 1372 816 1449 Vitebcrgse
836 1373 903 1432 lites
925 1381 1023 1432 movet
1043 1375 1184 1435 ιιιιιιιιι
1207 1375 1427 1436 Μιιιιιιιιοιιιιι
1447 1377 1479 1435 in
1501 1377 1636 1438 doctrina
1652 1379 1690 1436 de
1712 1380 1820 1438 anima.

222 1459 271 1542 25.
295 1459 397 1518 Monet
417 1458 605 1517 Theodorum
627 1477 665 1517 ιι
685 1459 826 1518 accendat
847 1458 1074 1519 controversiam
1096 1460 1133 1518 de
1154 1479 1247 1521 coena
1268 1479 1363 1522 sacra.

107 1541 188 1605 Nor.
243 1545 273 1602 4.
296 1545 410 1604 Bucero
432 1542 533 1602 scribit
553 1545 591 1602 de
609 1545 685 1603 rixis
705 1544 908 1621 theologorum
930 1544 967 1601 de
988 1562 1083 1603 coena
1104 1563 1139 1620 s,
1162 1554 1191 1605 et
1209 1547 1247 1605 ds
1267 1547 1437 1626 Principum
1458 1550 1623 1608 temeritate
1643 1556 1673 1609 et
1693 1549 1816 1610 incuria.

298 1630 439 1688 Mandata
460 1628 548 1686 habet
567 1649 587 1688 a
608 1628 691 1688 Duce
713 1629 860 1702 Prussiae,
882 1638 917 1686 ιι
934 1629 1070 1689 doctores
1091 1631 1188 1696 mittat
1207 1633 1239 1691 ιι
1262 1635 1355 1693 Acad.
1378 1633 1567 1712 Ragiomont.

247 1717 284 1774 7.“
297 1714 487 1774 Rccuduntur
508 1714 578 1773 blel.
597 1724 756 1773 erotemata
778 1715 954 1774 dialectices.

225 1801 274 1860 12.
297 1801 495 1858 Enarraturus
517 1808 562 1858 est
582 1798 647 1859 libr.
671 1802 708 1860 V.
730 1800 902 1860 Ethicorum
924 1799 1092 1860 Aristotelis
1109 1801 1147 1860 de
1166 1803 1288 1863 iustitia.

226 1887 275 1945 19.
298 1887 470 1944 Mandatum
490 1887 597 1962 accipit
618 1903 637 1942 a
657 1886 706 1945 Pr.
727 1885 873 1958 Ειιιιοιι,
894 1893 928 1943 ιι
947 1895 1032 1963 parat
1051 1905 1084 1945 se
1104 1888 1143 1946 ad
1163 1889 1222 1948 iter
1242 1885 1360 1966 Spiram
1377 1887 1544 1949 faciendum
1564 1891 1604 1950 ad
1625 1896 1813 1950 conventum.
1879 1960 1882 1967 ¹

296 1971 384 2030 Vitus
405 1970 619 2031 Amerbachius
641 1970 801 2048 Viteberga
822 1971 945 2031 discedit
964 1972 997 2030 ιι
1014 1971 1183 2035 Barariam.

227 2055 273 2117 29.
298 2057 367 2117 Mel.
389 2057 520 2133 queritur
540 2057 578 2115 dc
598 2057 729 2117 moribus
749 2053 861 2130 Sabini,
879 2056 981 2133 generi
1002 2058 1056 2117 sui.

109 2139 184 2201 Dae.
244 2143 274 2202 8.
297 2140 447 2221 Scriptum
469 2142 538 2201 Mel.
560 2144 760 2219 germanicum
782 2144 819 2201 de
841 2143 1011 2202 dimrimina
1032 2143 1099 2203 Vct.
1121 2151 1152 2203 st
1172 2142 1254 2204 Nori
1274 2143 1357 2206 ‘rec
1377 2145 1485 2222 prodit.

226 2229 274 2287 10.
297 2224 423 2287 Carolus
446 2227 520 2304 Imp.
542 2228 648 2287 invitat
668 2227 783 2288 Ducem
805 2225 876 2288 sax
899 2227 993 2288 Elect.
1017 2237 1046 2288 et
1065 2226 1285 2308 Landgrarium
1306 2228 1452 2305 Hassiae,
1476 2237 1510 2290 ιι
1527 2229 1588 2308 ipsi
1604 2230 1726 2290 veniam
1750 2229 1783 2290 itt
1805 2235 1981 2291 contentum
2001 2224 2127 2308 Spiren-

333 2331 396 2372 sem
418 2314 446 2371 d
473 2314 520 2372 10.
544 2313 607 2374 Ian.
635 2315 727 2374 1544.
750 2313 925 2373 habendum.

225 2397 276 2460 25.
298 2399 389 2458 Mittit
409 2398 568 2458 Theodoro
589 2398 831 2476 praelationem
822 2418 853 2457 ιι
874 2397 999 2458 liutheri
1021 2400 1238 2489 enarrationem
1258 2401 1347 2479 primi
1368 2400 1463 2462 blesis
1483 2400 1560 2464 libri.

298 2483 367 2543 Hoc
388 2502 467 2545 anno
490 2484 638 2543 enarravit
656 2485 689 2543 ιι
706 2485 808 2545 schole
825 2483 950 2544 Homeri
971 2486 1111 2547 carmina.

299 2569 401 2630 Edidit
421 2569 518 2631 denuo
540 2570 750 2630 catechismum
771 2569 923 2648 puerilem.

948 2769 1106 2838 anno
1148 2769 1306 2875 rosc

108 2907 173 2971 Ian.
250 2911 276 2969 l.
299 2907 369 2968 Mel.
390 2908 522 2987 lipsiam
540 2910 743 2988 proficiscitur.

247 2996 277 3053 4.
300 2994 370 3056 blel.
394 3004 425 3054 et
446 2993 614 3055 loachimus
636 2992 822 3056 Camerarius
842 2996 1047 3056 commendant
1068 2992 1230 3074 Georgium
1253 2991 1394 3059 Sabinum
1416 2995 1542 3056 Albcrto
1563 2994 1643 3055 Duci
1663 2993 1815 3054 Prussiae.

193 3083 211 3140 7
235 3098 278 3158 sq.
301 3080 467 3159 Philippus,
490 3080 691 3142 Melanthonis
711 3083 800 3156 filius,
821 3083 1003 3143 clandestina
1024 3081 1176 3160 sponsalia
1196 3082 1284 3142 habet
1304 3099 1371 3141 enm
1392 3081 1493 3160 puella
1512 3081 1701 3160 llmgaretha
1717 3076 1853 3141 Ktiffncr.
1979 3120 1984 3129 .

228 3168 277 3228 16.
299 3166 368 3226 llel.
389 3167 480 3227 mittit
500 3167 665 3229 oraticnem
686 3168 724 3228 ds
744 3167 915 3228 Aristotele.

227 3253 274 3312 18.
297 3251 428 3312 Thomas
449 3251 646 3332 Naogcorgus
667 3252 750 3313 litem
771 3263 869 3313 movet
889 3253 1030 3312 ιᾶιιιιιι
1051 3252 1121 3314 Mel.

298 3337 368 3396 Mel.
391 3337 534 3415 praefatio
553 3339 586 3397 in
608 3339 847 3399 commentarium
867 3336 993 3400 liutheri
1013 3339 1045 3399 in
1063 3339 1192 3418 primum
1218 3336 1326 3397 librum
1344 3336 1440 3397 llosis
1460 3336 1596 3398 ιιιοιιιι
1614 3345 1669 3398 est.
1691 3334 1783 3416 (coll
1802 3356 1849 3415 ep.
1871 3337 1902 3397 d.
1920 3336 1949 3395 d.
1973 3336 2002 3395 4.
2022 3335 2128 3415 Febr.)

225 3422 276 3484 22.
298 3421 447 3483 lantherus
466 3424 597 3500 gravitm
622 3425 759 3486 irascitur
777 3425 893 3486 Bucero
919 3434 1040 3506 propter
1062 3425 1225 3491 doctrinam
1246 3424 1285 3483 de
1305 3442 1399 3484 coena
1420 3441 1521 3499 sacra,
1547 3424 1579 3484 in
1600 3423 1726 3503 epistola
1746 3424 1786 3485 ad
1807 3421 2027 3502 Landgrarium
2046 3420 2128 3484 Has·

331 3509 395 3568 siae
417 3511 592 3586 expositam.

224 3594 274 3656 24.
298 3594 368 3654 Mel.
389 3595 524 3669 lactatur,
546 3597 633 3674 quod
646 3597 702 3658 sibi
723 3615 784 3657 non
807 3597 934 3657 eundum
952 3597 992 3656 sit
1011 3596 1052 3656 ad
1074 3603 1250 3656 conventum
1272 3591 1449 3674 Spirensem.

298 3681 409 3757 Magna
428 3679 500 3740 solis
522 3682 651 3763 eclipsis.

299 3764 448 3842 Georgius
469 3748 596 3826 Sabinus
614 3767 764 3827 vocatur
755 3787 787 3826 m
810 3768 1001 3827 Academiam
1021 3765 1297 3847 Regiomontanam.

227 3850 276 3912 25.
297 3852 496 3916 Melanthonis
516 3852 657 3913 iudicium
679 3854 715 3912 de
737 3855 883 3913 sententia
900 3852 1083 3931 Neogeorgii
1099 3852 1137 3911 dc
1154 3853 1282 3930 peccatis
1303 3850 1471 3910 electorum.

109 3935 198 3999 Febr.
248 3940 278 3998 9.
301 3937 370 3997 Mel
398 3937 530 4014 queritur
552 3938 589 3997 dc
614 3939 689 3998 rixis
708 3937 832 3999 liutheri
857 3958 925 3999 cum
952 3936 1173 3997 Iurisconsultia
1189 3936 1408 4014 Viteberg.-
1428 3936 1598 3996 Editionem
1619 3933 1752 3994 locorum
1774 3933 1868 3995 theol.
1897 3943 1928 3994 et
1954 3933 2123 3996 dialectices

332 4040 435 4083 rursus
457 4024 589 4085 edomat

228 4108 275 4167 14.
299 4107 451 4186 crucigeri
472 4110 601 4169 narratio
623 4110 660 4168 de
682 4109 840 4168 acerbitate
860 4107 984 4168 Lutheri
1006 4107 1038 4166 in
1059 4105 1304 4168 Ιιιιιιοιιιιιοιι
1355 4148 1360 4159 ·

229 4196 278 4254 15.
300 4194 368 4253 Mel
390 4204 507 4254 ιιιιιιι
527 4194 593 4255 libr.
616 4195 653 4256 V.
676 4194 849 4254 lithicorum
869 4193 1047 4253 Aristotelis.
1264 4270 1266 4275 ,

228 4281 277 4341 18.
299 4279 425 4339 loannes
443 4280 620 4355 Fridcricus,
642 4279 714 4340 Dux
730 4278 802 4341 Sax.
825 4281 954 4354 Elector,
976 4279 1066 4339 intrat
1086 4274 1211 4358 Spiram.

225 4365 275 4428 21
297 4365 386 4425 Initia
406 4365 599 4426 Comitiorum
621 4363 814 4445 Spirensium.

300 4452 368 4511 Mel.
391 4453 521 4528 queritur
542 4454 579 4512 dc
600 4454 729 4514 moribus
750 4450 863 4527 Sabini,
884 4451 985 4530 generi
1005 4451 1061 4512 sui

110 4535 197 4599 Mart.
252 4540 280 4596 1.
302 4537 372 4596 Mel.
394 4539 523 4614 graviter
543 4541 674 4616 queritur
695 4540 732 4597 da
748 4539 879 4600 moribus
900 4535 1012 4608 Sabini,
1035 4537 1086 4616 qui
1107 4535 1244 4596 ancillam
1261 4533 1364 4595 uxoris
1386 4551 1459 4593 suae
1475 4531 1629 4611 grsridam
1648 4531 1769 4591 iecerat

302 4623 406 4682 Alesio
426 4625 528 4684 scribit
549 4625 777 4704 propositiones.

228 4711 277 4770 13.
299 4708 479 4768 Praefatur
470 4729 501 4768 ιι
522 4710 629 4770 librum
646 4707 798 4770 Ciceronis
819 4712 856 4769 de
877 4716 1036 4769 senectute.

223 4793 271 4855 20.
296 4792 413 4854 Laudat
434 4795 574 4871 Μιιιιιιι,
593 4797 687 4856 Ducis
704 4793 785 4870 Sam,
807 4797 935 4856 studium
955 4795 988 4854 in
1010 4795 1231 4874 Imperatorem.

299 4878 468 4940 camerario
489 4882 600 4956 scribit,
623 4882 692 4958 quid
715 4884 802 4941 amici
823 4882 1016 4942 indicaverint
1032 4882 1069 4939 de
1086 4881 1214 4939 editione
1235 4877 1367 4937 locorum
1389 4875 1479 4937 theol.
1501 4874 1571 4934 anni
1595 4874 1686 4937 1535.

225 4965 275 5026 25.
298 4964 409 5025 Narrat
429 4968 579 5026 historiam
598 4969 781 5028 comitiorum
799 4964 981 5047 Spirensinm
1004 4974 1035 5024 ιι
1055 4975 1216 5026 conventus
1236 4964 1455 5040 Theologorum
1477 4959 1599 5040 Lipsiae
1618 4958 1720 5021 habiti.

299 5051 493 5130 Incipiunt
514 5054 699 5130 epistolae
721 5056 765 5113 ad
785 5055 977 5113 Albertum
994 5050 1349 5128 Hardenbergium.
2143 5092 2149 5103 .

108 5136 206 5215 spui.
249 5138 277 5196 8.
300 5138 433 5210 Μιιιιι,
455 5138 533 5197 facta
554 5158 591 5197 ex
610 5139 718 5199 electro
739 5141 834 5218 ligura
855 5139 1039 5200 cochlearum
1060 5136 1299 5216 accipiuntblel.,
1320 5135 1503 5194 Pomeranus
1523 5129 1709 5191 etLuthcrus
1731 5126 1768 5188 ab
1784 5128 1909 5189 Alberto
1921 5126 2007 5187 Duce
2019 5125 2122 5190 Prusa

247 5224 276 5285 9.
299 5223 532 5298 Wallenrodum,
554 5224 681 5282 nobilem
699 5224 856 5301 Francum,
876 5233 972 5304 rogat,
993 5232 1027 5282 nt
1047 5224 1098 5282 det
1109 5223 1289 5296 Gamerarro
1310 5222 1366 5280 iter
1386 5221 1418 5280 in
1437 5219 1594 5280 Franciam
1616 5217 1739 5287 acturo,
1762 5212 1875 5294 equites
1898 5215 2030 5301 comites,
2052 5213 2123 5292 quia

333 5309 360 5366 ei
381 5313 486 5368 metuit
506 5310 544 5368 ab
564 5294 731 5389 Episcopis.
1596 5344 1603 5353 ·

314 5439 463 5486 marcu.
482 5441 566 5486 orna
584 5443 649 5486 ron
666 5443 768 5488 xxrnu
1892 5417 1916 5470 l‘
