4718 6000
205 308 269 376 3⁷1
511 367 512 370 ,
656 298 771 372 snm.
793 302 898 373 MEL.
920 300 1110 407 scama
1131 300 1403 370 socratica
1423 300 1482 370 ΕΤ
1503 298 1776 370 srrrnomcn.
2159 302 2227 372 ets

142 485 144 488 ’
206 495 341 562 ditatem
362 493 541 572 vindictae,
564 493 716 558 antelios
737 491 1037 576 prauosadsectas.
1070 491 1188 580 itaque
1241 490 1326 560 chus
1343 496 1396 574 ¹²)
1417 488 1572 560 necatus
1590 492 1626 557 in
1646 490 1701 556 his
1723 490 2068 595 regionibusvenales
2086 493 2226 561 circm-

206 592 241 648 et
261 600 326 647 nos
334 583 368 658 ⁸)
390 581 474 647 iussi
496 597 576 645 vere
598 581 732 643 etbona
753 577 820 642 fide
839 577 959 646 iterum
974 576 1188 644 recitabimus
1238 575 1354 657 ferret,
1377 588 1413 644 at
1431 579 1467 644 in
1488 595 1604 645 earum
1624 578 1795 664 precuniJs
1818 578 1920 645 multa
1941 590 2029 645 tetra
2050 580 2225 648 mendacia

206 667 391 733 doctrinam
412 662 623 750 inEcclesijs
645 663 771 730 nostris
793 673 981 752 sonantem,
1003 684 1101 751 quam
1123 663 1189 729 etsi
1239 662 1374 731 scurrili
1393 662 1597 749 impudentia
1622 673 1815 751 spargeret,
1842 663 1946 753 oflicij
1964 667 2050 732 ratio
2068 667 2144 755 pios
2166 666 2226 732 do·

205 751 262 840 alij
285 755 392 841 magis
415 748 473 856 aiij
495 752 603 816 minus
626 750 755 815 erudita
775 760 834 815 aut
853 750 1190 835 perspicuetradunt,
1240 760 1354 818 ctores
1377 750 1539 837 cogebat,
1558 749 1623 816 bos
1650 747 1783 816 furores
1814 752 2070 839 reprimere¹⁸)
2112 750 2225 819 Edidit

204 848 316 905 tamen
338 841 413 903 sina
434 836 601 903 discordia
622 835 656 900 in
678 832 908 915 fundamento,
935 854 1051 902 omnes
1073 845 1189 922 pasto·
1240 838 1342 922 igitur
1372 832 1416 900 1).
1439 834 1609 902 Lutheras
1641 837 1891 923 propositiones
1945 838 1979 903 ie
2011 848 2046 904 et
2071 839 2224 905 modeste

204 944 261 990 res
284 926 317 989 in
339 921 506 1004 Ecclesijs
530 922 655 987 nostris
676 919 932 1006 amplectuntur.
1240 922 1386 1007 scriptas
1407 921 1452 987 ad
1474 921 1672 987 erudiendas
1690 933 1728 987 et
1747 859 2094 991 commcnelltciendas
2105 921 2224 990 Eccle-

293 1009 490 1093 Quanquam
534 1017 652 1073 autem.
684 1009 812 1073 scimus
871 1004 1073 1075 ericulosam
1110 1023 1189 1073 esse
1220 1010 1310 1074 ‘sias
1342 1007 1385 1073 de
1416 1017 1487 1074 tota
1519 1006 1671 1073 doctrina
1700 1010 1934 1093 poenitentiae.
1978 1009 2041 1074 ilic
2070 1029 2225 1098 pugnare

205 1097 355 1163 veritatis
374 1091 634 1172 confessionem,
651 1102 763 1158 umen
785 1028 870 1177 [sol
885 1095 1084 1180 abJproptar
1104 1091 1189 1158 mul·
1239 1090 1397 1194 ‘l'ecelius
1424 1093 1565 1198 incepit·
1580 1112 1649 1159 non
1678 1091 1788 1198 solum
1813 1093 1971 1200 clamosis
2005 1097 2224 1202 concionibus

204 1180 795 1351 Exiittittr‘idsstt
812 1179 1188 1352 tiliaciis&
1240 1175 2224 1353 iiiimxiiii?sudditttttllll‘lii

205 1363 240 1418 et
261 1353 393 1440 apud⁹)
416 1362 549 1418 exteras
571 1352 724 1416 nationes
747 1351 780 1415 in
802 1370 868 1416 nos
895 1347 1129 1429 conferantur,
1155 1359 1190 1415 et
1241 1369 1283 1417 ex
1305 1347 1488 1416 Germania
1510 1347 1652 1415 Romam
1672 1347 1803 1435 perlata
1825 1363 1877 1417 est
1898 1352 1989 1419 lama
2010 1350 2224 1421 borum-cer·

203 1439 284 1504 odia
305 1449 424 1504 contra
441 1457 505 1503 nos
523 1436 626 1523 varijs
648 1434 979 1523 calumnijsaccensa
999 1437 1078 1516 sint,
1100 1434 1188 1502 haec
1239 1436 1411 1515 murinum,
1432 1436 1527 1515 et¹⁴)
1546 1435 1632 1502 duos
1649 1436 1761 1502 statim
1782 1434 1862 1503 belli
1883 1440 1997 1506 socios
2023 1436 2140 1505 habuit
2159 1437 2224 1506 Te·

205 1523 473 1591 commemoratio
484 1523 658 1629 mendacia
679 1519 736 1588 illa
757 1519 924 1628 refutabit,
946 1533 980 1589 et
999 1519 1188 1608 aliquorum
1241 1518 1376 1648 celius,b
1399 1520 1528 1625 Romae
1552 1519 1751 1626 Magistrum
1770 1520 1896 1628 'Palati‘
1924 1537 1957 1591 et
1983 1525 2018 1591 in
2043 1523 2224 1592 Germania

203 1605 1052 1781 ittttllttltlttitltillinitis
1073 1627 1188 1779 {tid
1237 1608 1407 1760 ltili
1419 1605 1953 1779 timidissimi
1974 1607 2224 1782 builli

204 1782 347 1869 cognitis
370 1778 517 1846 sontibus
541 1781 584 1845 ad
606 1781 780 1846 veritatem
802 1779 994 1846 innitantur.
1238 1781 1369 1866 potuit,
1391 1789 1426 1846 et
1447 1791 1498 1845 tot
1531 1779 1639 1845 medis
1660 1779 1863 1861 irritabatur,
1885 1781 1987 1848 edidit
2007 1779 2223 1850 defensiones

290 1866 442 1932 Necesse
463 1877 515 1932 est
538 1885 602 1931 nos
629 1866 728 1931 etiam
756 1866 800 1931 ad
820 1875 978 1952 posteros
999 1861 1189 1950 relinquere
1238 1866 1377 1951 copiose
1398 1864 1554 1951 scriptas,
1574 1864 1752 1950 inquibus,
1773 1875 1810 1932 vt
1830 1886 2006 1936 ausuum
2028 1868 2223 1956 magnitudo

178 1967 182 1974 “
204 1951 342 2037 publica
364 1953 552 2018 testimonia
575 1953 675 2037 digna
692 1951 771 2031 fide,
788 1952 941 2038 opposita
963 1947 1062 2016 salsis
1080 1950 1188 2016 crimi-
1239 1964 1273 2018 et
1294 1953 1440 2018 varietas
1471 1952 1648 2035 poscebat,
1671 1950 1714 2016 de
1735 1949 1848 2017 multis
1877 1954 2028 2040 partibus
2049 1954 2224 2022 doctrines

202 2039 406 2115 nationibus,
437 2058 479 2103 ne
511 2039 691 2122 posteritas
722 2039 766 2103 de
796 2038 896 2104 nobis
924 2055 1025 2102 secus
1051 2036 1186 2115 indicet,
1238 2035 1498 2105 Ecclesiasticus
1520 2036 1586 2102 dici
1607 2054 1750 2104 necesse
1769 2035 1841 2105 iuit.

175 2210 180 2217 ι
204 2134 238 2190 et
258 2136 295 2190 ut
318 2121 418 2209 aliqui
434 2121 488 2188 his
505 2123 631 2188 nostris
642 2123 842 2206 testimoniis
864 2122 943 2203 [sol.
965 2122 1018 2223 df]
1042 2141 1188 2223 commo·
1325 2122 1410 2189 Gum
1430 2121 1533 2209 igitur
1552 2119 1646 2187 multi
1662 2142 1795 2189 errores
1818 2136 1853 2191 et
1873 2125 2001 2192 abusus
2021 2122 2224 2194 inEccleeis

205 2206 343 2290 nasacti,
365 2211 538 2275 veritatem
559 2210 738 2295 inquirant,
770 2219 803 2275 et
831 2209 864 2274 in
898 2209 989 2275 veris
1010 2208 1186 2294 sententiJs
1238 2208 1352 2277 multis
1382 2209 1448 2273 ium
1478 2205 1605 2274 seculis
1638 2205 1809 2289 haereant,
1844 2229 1930 2296 quos
1956 2208 2051 2277 multi
2078 2213 2167 2278 docti
2188 2221 2223 2278 et

204 2296 454 2363 confirmentur.
1238 2294 1285 2382 pij
1303 2295 1402 2360 etiam
1422 2304 1499 2359 anta
1519 2290 1607 2360 baec
1626 2304 1694 2360 tem
1718 2313 1779 2362 ora
1800 2307 1835 2362 et
1847 2293 2064 2382 deplorarent
2083 2307 2117 2363 et
2128 2309 2223 2366 taxa·

290 2382 471 2467 Speremus
482 2382 581 2446 etiam
598 2400 670 2460 eos,
681 2381 738 2468 qui
755 2379 1017 2447 considerabunt
1026 2377 1188 2444 historiae
1239 2391 1377 2458 uerunt,
1414 2376 1486 2444 fieri
1518 2397 1587 2444 non
1617 2398 1662 2464 po
1712 2390 1742 2461 t,
1776 2382 1919 2468 quin1i)
1955 2381 1990 2447 lri
2023 2402 2157 2452 errores
2190 2394 2226 2463 et

204 2466 339 2547 seriem,
374 2479 406 2533 et
439 2468 530 2532 initia
560 2463 679 2533 borum
708 2467 933 2545 certaminum,
959 2461 1188 2535 intellecturos
1238 2467 1368 2533 abusam
1392 2463 1735 2549 reprehenderentur,
1768 2486 1843 2533 cum
1871 2464 2083 2535 delentibus
2103 2468 2224 2559 barum

203 2570 282 2619 esse
302 2573 367 2658 nos
388 2573 453 2619 nec
475 2571 601 2631 errore,
623 2549 769 2618 necvlla
788 2572 893 2654 praua
910 2549 1188 2655 cupiditatcbanc
1239 2551 1545 2619 controuersiarum
1566 2551 1743 2619 dicendum
1764 2564 1867 2619 esset.
1993 2614 1996 2619 .

202 2634 703 2811 ittiiussldt‘tmtt
728 2648 879 2790 triti·
898 2633 1188 2790 ridenti
1238 2635 2273 2804 atiiitsmdbtirlt‘itiftmlii(
2328 2735 2334 2740 ·

202 2811 365 2897 scriptum
411 2822 479 2889 est,
528 2808 743 2896 Blaspbemia
781 2811 917 2894 spiritus
965 2827 1035 2875 non
1077 2807 1187 2874 remit·
1239 2810 1385 2878 ostendit
1407 2808 1506 2875 deum
1526 2806 1677 2877 voluisse
1695 2807 1844 2896 depulsis
1861 2812 2008 2878 tenebris
2029 2813 2119 2898 apud
2138 2808 2222 2881 mul·

202 2906 300 2963 tetur.
355 2897 429 2961 Nos
462 2897 563 2984 igitur
596 2917 670 2963 cum
704 2895 948 2963 audiuissemus
975 2896 1187 2983 perspicuam
1238 2907 1293 2964 tos
1321 2896 1499 2962 restituere
1529 2895 1745 2962 ministerium
1772 2895 1949 2985 Euangelij
1981 2907 2016 2964 et
2035 2918 2151 2967 veram
2172 2898 2223 2966 iu·

201 2985 377 3048 veritatem
400 2984 442 3048 dc
465 2984 567 3048 rebus
588 2982 805 3069 necessarijs,
831 2984 874 3047 de
897 2981 1117 3068 poenitentia,
1143 2980 1187 3045 de
1236 2983 1461 3061 uocationem,
1484 2991 1519 3047 et
1544 2978 1612 3046 bac
1635 2983 1873 3070 repurgatione
1899 2982 2072 3051 doctrinae
2092 2985 2223 3072 passim

202 3067 529 3153 fidcaecipient010)
551 3069 782 3135 remissionem
791 3079 1017 3154 peccatorum,
1034 3066 1077 3133 de
1096 3063 1187 3154 lege,
1237 3068 1304 3155 eibi
1324 3078 1495 3135 aeternam
1515 3062 1707 3137 Ecclesiam
1728 3064 1901 3157 colligere.

204 3153 248 3220 de
266 3155 387 3242 gratia,
409 3157 451 3221 de
472 3174 554 3221 vera
575 3155 799 3240 inuocatione,
820 3155 862 3220 de
884 3152 1073 3220 discrimine
1089 3171 1186 3219 vero·
1322 3152 1490 3220 Necvero
1513 3150 1578 3221 dici
1599 3162 1715 3239 potest
1734 3151 1846 3222 nullos
1858 3158 1910 3233 ¹⁶)
1932 3151 2040 3223 fuisse
2063 3166 2122 3222 aut
2141 3174 2222 3249 esse

200 3261 273 3306 rum
306 3251 340 3306 et
372 3238 534 3306 salsorum
568 3240 734 3323 cultuum,
757 3242 799 3308 de
819 3261 883 3307 vsu
901 3249 1185 3306 sacramentorum
1236 3257 1373 3308 emeres
1394 3241 1428 3305 in
1450 3239 1614 3318 doctrina,
1636 3247 1670 3305 et
1690 3240 1921 3306 traditionibus
1937 3241 2220 3309 aduersariorum.

200 3336 236 3391 et
256 3323 334 3414 alijs
355 3326 561 3413 necessarijs
583 3328 756 3393 doctrinae
777 3329 942 3413 partibus,
963 3325 1134 3401 adsentiri,
1151 3335 1186 3390 et
1235 3325 1380 3393 Maxime
1402 3325 1631 3391 necessarium
1654 3337 1708 3391 est
1728 3326 1762 3391 in
1783 3324 1939 3393 Ecclesia
1962 3337 2074 3394 extare
2096 3324 2220 3395 doctri·

201 3412 265 3478 deo
289 3414 414 3499 gratias
437 3432 540 3500 agere
561 3434 624 3497 pro
650 3415 725 3492 [sol.
747 3413 796 3494 gs]
819 3411 886 3479 hoc
905 3413 1068 3478 immenso
1084 3411 1185 3475 bene·
1234 3434 1312 3479 nam
1334 3411 1377 3477 de
1385 3410 1588 3496 poenitentia
1608 3420 1641 3475 et
1658 3410 1700 3477 de
1716 3410 1783 3478 fide
1794 3412 1978 3499 accipiente
1987 3413 2221 3480 remissionem

200 3496 278 3563 licio
291 3501 447 3582 oportuit,
470 3495 949 3601 quodreddita¹¹)Euangelij
968 3493 1183 3581 luce,plares
1258 3500 1511 3577 eccatorum¹⁷)
1535 3497 1762 3583 incorruptam
1794 3511 1828 3564 et
1850 3501 2069 3585 perspicuam.
2113 3496 2221 3566 liaui-

200 3586 244 3649 ad
275 3603 313 3649 sa
342 3595 515 3649 conuertit.
565 3583 649 3649 Cum
681 3584 767 3650 enim
797 3586 957 3671 scriptum
984 3584 1044 3660 sit,
1078 3580 1184 3662 Pater
1233 3520 1357 3651 lassum
1378 3592 1432 3648 est
1452 3593 1564 3648 autem
1585 3583 1627 3648 do
1648 3580 1714 3649 hac
1735 3586 1915 3670 praecipua
1925 3597 2023 3671 parte
2044 3585 2220 3653 doctrinas

200 3668 374 3735 sanctifica
395 3690 455 3736 eos
477 3670 510 3734 in
532 3669 673 3735 veritate
693 3680 769 3749 tua,
790 3690 901 3736 sermo
922 3682 1001 3736 tuus
1023 3679 1077 3735 est
1097 3669 1183 3735 veri·
1234 3669 1499 3760 Ecclesiasticus
1527 3666 1652 3734 multos
1676 3671 1889 3753 perniciosos
1912 3689 2044 3738 errores
2066 3681 2100 3736 et
2119 3666 2220 3774 laby-

198 3765 266 3836 tas,
297 3754 453 3822 Ecclesia
484 3753 664 3843 colligitur,
696 3775 764 3821 non
791 3753 888 3823 salsis
917 3756 1128 3841 opinionibus
1149 3763 1184 3820 et
1233 3756 1364 3823 rinthos
1384 3753 1472 3819 tradi
1494 3753 1573 3837 [fol.
1595 3753 1650 3835 δῦ]
1673 3765 1707 3819 et
1728 3755 1917 3837 confirmari
1939 3760 1981 3822 ab
1998 3758 2219 3845 aduersariJs.

200 3844 505 3928 superstitionibus,
526 3843 588 3906 sed
610 3843 803 3927 incorrupta
821 3839 997 3929 Euangelij
1020 3861 1117 3908 voce.
1233 3841 1356 3909 Extant
1377 3843 1463 3906 enim
1485 3838 1572 3917 libri,
1596 3840 1652 3927 qui
1673 3840 1751 3906 iuda
1771 3861 1878 3928 usque
1900 3862 1921 3907 a
1939 3842 2096 3908 trecentis
2118 3843 2218 3910 annis

1241 3224 1247 3233 e

287 3927 401 4014 ltaque
422 3930 452 3993 si
476 3929 643 3995 constabit
663 3947 769 4014 genus
801 3930 971 3995 doctrinas
994 3928 1096 4079 kquod
1116 3947 1182 3993 am·
1232 3929 1268 3997 in
1288 3926 1465 3993 multorum
1486 3925 1640 3996 manibus
1663 3936 1751 3993 sunt.
1801 3926 1933 4002 Quanta
1944 3925 2145 3996 contumelia
2166 3938 2220 3995 est

200 4011 290 4100 plexi
312 4034 441 4094 sumus,
455 4034 572 4081 verum
594 4023 627 4078 et
647 4016 875 4081 necessarium
893 4033 973 4081 esse
1025 4013 1181 4098 cclesias,
1232 4016 1398 4082 aduersus
1430 4009 1623 4091 filiumdei,
1657 4013 1747 4099 quod
1776 4013 1890 4079 dicunt
1912 4013 2067 4081 homines
2095 4014 2219 4081 nnat

200 4119 272 4179 near,
288 4099 523 4186 sophisticum,
545 4101 845 4178 ncnscdiciosnm,
866 4121 935 4167 non
958 4101 1183 4166 existimemur
1232 4099 1463 4166 remissionem
1496 4110 1713 4184 peccatorum
1768 4101 1891 4183 roprijs
1914 4101 2090 4187 operibus,
2112 4110 2147 4167 et
2167 4100 2218 4167 iu·

198 4196 258 4252 aut
278 4205 393 4252 errore
408 4186 508 4272 lapsi,
530 4198 587 4252 aut
609 4187 686 4252 odic
709 4186 904 4272 disciplinae
925 4207 968 4252 ac
988 4184 1125 4253 leuitate
1147 4194 1182 4250 et
1232 4199 1397 4253 stosesse
1413 4176 1710 4272 impletionelegis.
1779 4185 2054 4256 eindecumulant
2070 4203 2215 4252 errores.

198 4269 354 4339 licentiae
387 4271 563 4338 dulcedine
596 4283 652 4338 aut
692 4270 769 4356 alijs
801 4275 914 4356 prunis
947 4272 1181 4357 cupiditatibus
1232 4271 1315 4340 Cum
1326 4271 1678 4357 nemosciatquando
1696 4271 1779 4338 satis
1796 4271 1920 4339 habeat
1936 4293 2085 4358 opernm,
2101 4272 2216 4338 iubent

199 4356 341 4445 impulsi,
361 4369 397 4426 ut
416 4361 513 4424 nouis
537 4359 747 4507 oqinionibus
769 4357 1058 4444 adplauderemus.

287 4445 415 4511 initium
432 4456 542 4512 autem
588 4445 617 4508 is
640 4446 919 4529 disputat-ionibus
940 4445 1093 4531 praebuit
1103 4463 1183 4511 con·

202 4533 306 4598 lfflli⁰
341 4531 384 4598 de
416 4529 647 4618 lndldssemllss
680 4531 755 4611 [sol.
777 4533 828 4616 4“]
861 4549 946 4619 (lm
972 4550 1048 4598 (ΜΠ)
1069 4549 1182 4596 ΝΜ·
1234 4567 1280 4633 la)
1298 4561 1462 4684 rqprimqrired
1479 4564 1517 4614 sic
1534 4561 1601 4614 Cod.
1619 4569 1642 4615 et
1659 4562 1741 4614 Editt
1761 4560 1839 4611 1-3.
1858 4563 1899 4624 8.;
1924 4570 1986 4613 cett.
2004 4561 2102 4614 lidie:
2120 4571 2215 4615 taxare

1302 4649 1316 4684 e
1344 4649 1390 4698 rep
1414 4647 1492 4683 mere.

1230 4445 1439 4462 ῃ

201 4688 399 4702 ————

350 4768 356 4787 ‚
930 4768 932 4777 ,
1234 4719 1281 4786 14)
1299 4717 1337 4784 et]
1354 4717 1441 4768 scribo
1456 4719 1608 4785 scripserat:
1626 4733 1666 4780 ac,
1683 4716 1750 4786 quod
1758 4715 1822 4766 Mel.
1832 4715 1930 4778 delevit
1948 4724 1972 4769 d
1983 4719 2173 4786 superambulet
2189 4717 2214 4769 E

218 4772 250 4839 8)
267 4773 327 4837 nos]
344 4773 469 4873 osum
489 4776 565 4828 1-3.
585 4779 610 4828 8.
630 4774 706 4828 dcet.
1233 4805 1282 4871 15)
1300 4803 1376 4871 quin]
1395 4803 1479 4856 mg,
1488 4803 1561 4871 jauo
1578 4805 1727 4872 „epam
1746 4804 1821 4870 qnia,
1839 4802 1902 4854 idol.
1921 4801 2011 4854 Merit
2028 4803 2139 4856 bum
2154 4817 2173 4854 s
2190 4812 2214 4857 a

218 4857 249 4925 9)
268 4857 350 4926 apud}
365 4876 392 4909 aa
408 4860 457 4911 Ed.
478 4862 502 4911 7.
520 4861 596 4914 deest.
1085 4913 1088 4920 .
1302 4875 1478 4942 emancipet
1495 4889 1512 4923 u

201 4946 249 5013 ¹⁰)
268 4944 526 5067 qsscltqlffliffllwlbff
542 4951 694 5018 fflpmii
713 4945 896 5030 willlimt
914 4957 984 5012 im
1001 4959 1109 4997 ”m
1124 4942 1181 4994 ¹¹⁶·
1232 4958 1279 5028 16)
1297 4958 1397 5028 nullos]
1421 4957 1505 5042 ratila
1528 4960 1637 5026 primum
1662 4959 1811 5026 mpetum
1834 4958 1946 5021 multos,
1972 4956 2019 5011 aad
2037 4955 2084 5009 soe
2103 4956 2215 5012 radendo

280 5030 313 5066 un
344 5031 379 5065 ou
414 5024 478 5069 eaec
495 5019 580 5069 lutera
597 5035 623 5070 m
642 5015 787 5069 eraderet·
1302 5029 1439 5082 eseam
1455 5043 1494 5078 to:
1512 5027 1606 5079 nullos.

201 5102 248 5167 ll)
266 5101 381 5169 reddita]
401 5103 451 5153 Ed·
470 5105 494 5154 2·
514 5111 565 5172 lma
584 5120 651 5156 etr-³
669 5103 788 5154 redditu
1234 5116 1280 5182 l'l)
1299 5116 1333 5167 de
1354 5115 1408 5166 lide
1431 5114 1574 5179 accipiente
1600 5113 1777 5164 remissionem
1806 5111 1984 5180 peccatorum]
2010 5110 2072 5165 iaec
2095 5111 2159 5165 uei.
2186 5114 2216 5163 e'o

199 5187 247 5254 12)
266 5186 423 5257 monachus]
441 5189 527 5241 scribo
535 5190 608 5256 sclao
627 5191 778 5257 scr'peerutr
796 5186 968 5248 nomrcbm3
984 5182 1049 5237 uel.
1062 5181 1125 5235 itare
1141 5200 1180 5236 erb
1300 5185 1415 5250 margine
1431 5182 1566 5249 adempsit
1584 5197 1634 5249 pro
1651 5181 1733 5236 robis
1750 5180 1783 5233 at
1799 5181 1854 5250 ipse
1870 5183 1898 5233 ia
1915 5187 2030 5234 mesu
2053 5181 2153 5234 dellius
2180 5181 2215 5231 de

269 5273 351 5309 rorem
369 5259 512 5312 mendavia
1242 5324 1244 5328 Α
1300 5254 1453 5304 ml³⁸l⁰¹²0
1469 5259 1636 5317 mmmm
