4718 6000
239 1386 538 1523 mona
594 1377 1153 1523 66166666
1179 1164 1447 1563 Lm
1502 1383 2199 1523 omniasflonls.

357 1932 382 1996 Ι.
417 1928 729 2006 QUAESTlONEs
751 1928 1051 1998 ACADEMchE
1244 1932 1387 2008 Quaestio
1409 1934 1447 1994 dc
1468 1923 1580 1994 cneio
1604 1933 1676 1994 738.

210 2070 402 2150 (iuvenibus
430 2080 464 2137 'et
485 2069 598 2154 pueris
623 2068 658 2132 in
685 2064 805 2133 schola
826 2066 1077 2156 Witebergensl
1096 2086 1192 2155 prae·
1245 2017 1403 2165 Qffiim
1432 2039 1452 2080 ⁰
1472 2019 1559 2090 Μ’
1582 2016 1671 2082 Doot.
1695 2018 1759 2078 Viti
1781 2017 1958 2080 Wmhmfi
1976 2019 2057 2095 ὥθ’
2077 2021 2240 2100 mm

617 2156 788 2239 scirpos).
1245 2189 1403 2266 66666,
1431 2209 1469 2250 en
1493 2191 1569 2251 iuste
1596 2189 1749 2250 66666
1776 2191 1816 2250 aa
1833 2190 2015 2266 mnsam,
2042 2192 2156 2253 6666
2177 2192 2236 2253 ιιι.

210 2280 261 2338 An
282 2274 470 2355 philosophia
490 2277 593 2354 pietati
613 2275 744 2337 officiati
765 2276 833 2337 Vol.
852 2273 894 2349 X,
913 2278 984 2338 689.
1288 2277 1434 2350 santium,
1461 2295 1528 2337 cum
1557 2276 1671 2344 videret
1697 2278 1795 2350 cives,
1817 2278 1972 2353 mulieres,
1999 2277 2132 2338 infantes
2154 2278 2237 2338 fame

210 2362 280 2423 Iure
302 2383 340 2420 ne
361 2362 472 2441 Zoylus
492 2364 523 2422 in
548 2361 695 2441 Olympiis
716 2382 735 2421 6
752 2359 876 2422 Graecis
897 2363 934 2421 66
955 2379 1031 2422 saxo
1053 2362 1093 2421 sit
1108 2380 1193 2440 prue-
1288 2361 1408 2439 perire?
1444 2364 1517 2423 741.
1551 2388 1553 2395 ⁴

253 2449 412 2526 cipitatusi
437 2449 517 2510 697.
1246 2445 1398 2521 Quaestio,
1418 2449 1540 2507 recitata
1561 2466 1579 2505 a
1600 2447 1679 2527 Mag
1702 2445 1891 2524 Sigismundo
1914 2447 2012 2510 (icloo
2035 2450 2109 2510 743.

210 2532 258 2606 Do
291 2535 369 2593 dicto
395 2534 602 2613 Hippocratis.
634 2532 664 2592 16
696 2532 834 2592 alimento
867 2534 1014 2593 medicina
1041 2534 1194 2612 optimum,
1246 2531 1389 2607 Quaestio
1408 2534 1446 2593 de
1466 2533 1635 2593 discrimine
1655 2551 1798 2595 annorum
1818 2536 1895 2612 apud
1917 2536 2049 2595 61666666
2064 2543 2182 2613 genta,
2206 2546 2238 2596 et

254 2620 405 2682 616693.
1289 2637 1390 2698 eorum
1413 2620 1619 2679 commoditate
1641 2621 1713 2681 745.

210 2701 319 2767 Utrum
344 2715 423 2765 recte
444 2703 565 2765 Naboth
592 2704 771 2765 recusaverit
799 2705 913 2764 vineam
940 2703 1018 2785 Regi
1045 2702 1194 2765 vendero?
1246 2680 1390 2776 Quaestio
1412 2706 1449 2765 de
1470 2723 1565 2785 agone
1583 2701 1694 2764 Christi
1714 2706 1787 2767 753.

254 2791 327 2853 695.
1246 2788 1391 2864 Quaestio
1412 2792 1450 2850 de
1470 2791 1620 2850 Pausania
1640 2790 1724 2868 Rege
1742 2789 2044 2852 Lacedaemoniorum
2066 2793 2143 2855 757.

211 2876 296 2952 Quae
325 2878 364 2937 sit
390 2878 536 2936 sententia
561 2876 766 2953 descriptionis
795 2874 865 2935 6661
893 2877 925 2935 16
948 2876 1042 2956 Epist
1070 2878 1109 2937 ad
1131 2875 1193 2937 116-
1246 2874 1388 2950 Quaestio
1408 2878 1561 2955 proposita
1581 2875 1621 2936 D.
1644 2876 1769 2936 Erasmo
1790 2876 1884 2936 Flcck
1905 2878 1978 2940 760.

255 2962 381 3023 bracos?
405 2962 477 3023 696.
1246 2961 1399 3038 Quaestio,
1420 2982 1440 3022 a
1459 2961 1573 3023 Ioanne
1593 2961 1724 3023 Luthero
1745 2965 1899 3043 proposita
1920 2964 1993 3025 761.

211 3054 262 3109 An
283 3050 348 3108 iure
369 3048 404 3109 U.
428 3046 542 3119 Caesa:
560 3049 599 3107 sit
620 3046 812 3107 interfectus?
834 3048 906 3109 698.
1246 3046 1390 3122 Quaestio
1417 3050 1455 3108 66
1482 3049 1548 3110 1666
1570 3048 1704 3108 Ρ16ι6616
1732 3049 1770 3108 66
1790 3050 1922 3125 periodis
1941 3049 2134 3128 imperiorum
2156 3051 2233 3115 763.

211 3137 262 3195 sn
279 3135 336 3195 soli
358 3134 501 3213 Episcopi
527 3134 559 3193 in
581 3131 704 3213 Synodo
730 3133 859 3198 habeant
886 3153 990 3194 vocem
1018 3135 1194 3207 decisivam3
1246 3133 1389 3209 Quaestio
1410 3135 1533 3195 recitata
1555 3154 1574 3193 a
1594 3135 1674 3211 stag.
1697 3133 1802 3195 Ulrico
1824 3131 1976 3214 Siaingero
1998 3136 2072 3197 173.

122 3220 127 3227 ’
255 3239 294 3279 an
315 3239 384 3279 vero
408 3221 495 3279 etiam
518 3219 672 3297 Principes
694 3229 722 3279 et
741 3219 813 3280 alii?
837 3222 909 3282 701.
1246 3218 1388 3295 Quaestio
1411 3221 1565 3301 proposita
1585 3240 1604 3279 a
1624 3239 1718 3299 puero
1739 3218 1865 3283 Doctori
1883 3222 1972 3282 Petro
1991 3217 2138 3300 Sibyleno
2156 3223 2234 3286 775.

212 3306 368 3382 Quaestio:
396 3325 433 3365 an
461 3305 614 3383 probanda
640 3308 680 3367 sit
707 3303 872 3367 Stoicorum
899 3307 1062 3378 sententia,
1095 3307 1194 3365 omnia
1247 3302 1350 3384 ,Haec
1379 3314 1424 3366 est
1450 3307 1598 3385 praefatus
1619 3305 1659 3368 D.
1685 3306 1840 3385 Philippus
1861 3307 2033 3366 Melanthea
2052 3306 2182 3385 Lipsiae
2202 3309 2237 3368 iu

253 3393 422 3453 necessario
443 3391 528 3452 lieri?
551 3392 624 3454 703.
1288 3392 1502 3470 disputatione,
1529 3393 1647 3453 rediens
1675 3411 1713 3452 cx
1733 3393 1844 3471 oppido
1867 3402 1897 3452 et
1917 3393 2065 3471 colloquio
2088 3394 2233 3474 Pegaso·

212 3478 369 3554 Quaestio:
403 3477 526 3538 Licetne
554 3479 596 3552 ei,
630 3480 681 3554 qui
707 3481 812 3556 flagrat
833 3477 1015 3555 Theologisc
1037 3477 1194 3538 discendae
1290 3478 1361 3540 776.

254 3567 352 3626 studio
379 3575 483 3623 contra
509 3571 663 3642 parentum
684 3564 864 3623 voluntatem
884 3582 918 3623 se
939 3566 1044 3624 666666
1064 3563 1193 3624 Theolo-
1244 3563 1455 3642 Fragmentum
1476 3565 1619 3625 orationis
1637 3563 1771 3642 publicae
1794 3566 1866 3626 777.

253 3652 337 3729 giae,
369 3670 405 3709 eo
434 3651 553 3726 quidem
580 3650 693 3722 animo,
726 3658 760 3708 ut
786 3650 856 3709 olim
886 3650 950 3726 ipse
970 3651 1065 3728 possit
1085 3650 1193 3710 docere
1245 3649 1386 3725 Quaestio
1408 3651 1450 3710 16.
1472 3649 1593 3711 1666616
1615 3650 1823 3711 Druckenbrot
1846 3651 1918 3712 778,
2036 3658 2046 3677 ·

255 3737 438 3814 evangelium
456 3737 488 3794 in
510 3735 664 3795 Ecclesia?
688 3738 750 3796 705
769 3743 799 3794 et
817 3738 890 3797 707.
1246 3734 1389 3810 Quaestio
1411 3737 1451 3798 D.
1476 3735 1628 3796 Melchiori
1650 3737 1786 3798 Isindero
1807 3738 1959 3817 proposita
1979 3755 1999 3796 a
2018 3755 2115 3815 puero
2137 3739 2214 3800 781.

211 3821 353 3897 Quaestio
376 3823 497 3882 recitata
517 3841 536 3880 6
555 3823 635 3900 Mag.
657 3822 777 3880 Andrea
798 3820 949 3881 Winclero
972 3823 1043 3883 708.
1246 3820 1389 3896 Quaestio
1411 3823 1448 3882 de
1470 3821 1547 3881 Fato
1566 3818 1666 3883 Stoico
1690 3824 1762 3885 785.

211 3907 369 3983 Quaestio:
396 3927 435 3967 an
461 3908 544 3986 leges
571 3909 709 3967 damnent
735 3909 951 3986 praedictiones
981 3906 1194 3987 astrologicasi
1245 3907 1411 3985 Responsio
1438 3909 1476 3967 66
1502 3910 1707 3986 quaestionem
1739 3909 1780 3967 61.
1807 3909 1949 3968 Ieremias
1976 3907 2111 3969 Schertle
2138 3907 2236 3970 Salis·

255 3995 328 4057 717.
1289 3993 1458 4071 burgensis:
1480 3993 1586 4054 Utrum
1607 4015 1672 4054 cum
1693 3995 1845 4054 fatendum
1866 3995 1920 4069 sit,
1941 3996 1975 4054 in
1994 3995 2134 4056 Ecclesia
2155 3994 2236 4074 Syn-

208 4078 368 4155 Quaestioc
397 4079 504 4140 Utrum
532 4079 705 4156 Astrologia
734 4080 773 4138 sit
799 4080 985 4158 adiungenda
1009 4079 1194 4139 Medicinas?
1289 4081 1413 4140 odorum
1440 4080 1550 4140 iudicia
1575 4098 1639 4141 esse
1660 4090 1811 4158 oportere,
1833 4080 1986 4160 obligandi
2006 4083 2068 4142 siut
2086 4082 2235 4158 homines,

255 4169 328 4228 715.
1288 4176 1321 4225 ut
1342 4167 1470 4226 iudicato
1491 4166 1703 4245 obtemperent,
1726 4167 1789 4226 sine
1806 4164 1868 4225 ulla
1888 4168 2084 4243 recusatione,
2105 4168 2188 4228 sicut
2202 4171 2236 4228 in

211 4250 365 4313 Sententia
386 4250 579 4330 Hippocratis
600 4251 632 4309 in
654 4258 740 4310 sexto
762 4250 913 4327 Epidem.:
942 4249 1041 4311 Labor
1062 4252 1196 4312 articulis
1289 4254 1420 4330 imperiis
1441 4270 1559 4312 necesse
1581 4263 1626 4313 est
1647 4253 1806 4312 iudicatum
1828 4253 1944 4312 iacere?
1967 4255 2039 4316 790.

150 4370 153 4375 ,
254 4348 285 4397 et
306 4338 388 4397 carni
408 4340 538 4414 prodest,
561 4337 643 4395 cibus
663 4355 733 4395 vero
752 4346 781 4396 et
798 4356 918 4397 somnus
936 4337 1098 4398 visceribus
1121 4340 1193 4400 717.
1246 4338 1415 4417 Responsio
1444 4340 1482 4398 66
1506 4339 1546 4399 ll.
1570 4335 1689 4419 cyriaci
1712 4338 1947 4418 spangenbergii
1968 4340 2174 4417 quaestionem
2197 4339 2235 4401 ds

210 4424 354 4500 Quaestio
377 4424 499 4482 recitata
520 4444 539 4481 a
559 4424 638 4500 Mag.
658 4422 817 4482 Laurentio
840 4421 1025 4483 Lindemann
1046 4425 1117 4486 770.
1290 4425 1399 4485 dicto
1390 4443 1421 4483 1n
1440 4422 1565 4482 Genesi.
1587 4445 1647 4485 non
1670 4426 1817 4485 auferetur
1838 4434 1985 4503 sceptrum
2007 4425 2118 4487 aIuda
2135 4427 2235 4488 donec

211 4509 354 4585 Quaestio
378 4511 500 4569 recitata
521 4529 540 4567 a
562 4510 640 4586 Mag.
664 4509 791 4568 Nicolao
813 4509 961 4568 Reinhold
978 4506 1101 4589 Cygneo
1120 4509 1193 4573 773.
1290 4512 1404 4570 venerit
1425 4507 1508 4570 Siloh
1533 4511 1605 4573 797

211 4594 352 4671 Quaestio
375 4617 392 4656 a
413 4593 552 4656 06111666
574 4591 732 4654 Goldstein
753 4597 905 4672 proposita
928 4595 1000 4656 775.
1247 4595 1390 4671 Quaestio
1423 4595 1507 4654 Hier.
1537 4596 1689 4655 16666661.
1722 4599 1771 4654 Aa
1800 4616 1901 4656 verum
1928 4598 1968 4657 sit
1995 4597 2123 4670 dictum,
2151 4599 2233 4675 quod

211 4681 388 4757 Quaestio
379 4703 411 4742 ru
438 4683 623 4760 promotione
644 4678 734 4742 Doct.
772 4680 938 4741 Leonhardi
967 4677 1108 4742 Stettneri
1128 4700 1195 4760 pro·
1290 4691 1388 4743 exstat
1408 4683 1439 4741 16
1456 4681 1532 4740 libro
1550 4681 1760 4744 Decretorum.
1781 4682 1890 4742 66666
1906 4692 2003 4743 servat
2020 4683 2233 4764 Evangelium,

252 4769 352 4848 posita
375 4769 448 4830 775.
1289 4770 1339 4846 qui
1362 4787 1422 4829 666
1443 4779 1541 4828 servat
1560 4767 1699 4829 canones
1722 4770 1913 4829 conciliorum
1937 4771 2009 4832 794.

210 4854 355 4930 Quaestio
376 4856 531 4934 proposita
551 4855 583 4913 iu
604 4852 767 4913 Doctoratu
790 4852 932 4912 loachimi
954 4850 1072 4913 llorlini
1095 4852 1166 4917 777.
1247 4851 1388 4927 Quaestio
1409 4856 1533 4914 recitata
1552 4872 1572 4913 a
1593 4854 1673 4931 Mag.
1696 4856 1822 4925 Andros,
1837 4855 1968 4915 Martino
1989 4857 2007 4915 7
2012 4857 2063 4917 97.

211 4940 354 5016 Quaestio
378 4942 415 4999 de
437 4941 525 4999 rebus
547 4940 701 4999 metallicis
724 4939 797 5001 779.
1246 4939 1390 5015 Quaestio
1412 4960 1432 4999 a
1451 4958 1544 5020 puero
1565 4941 1717 5019 proposita
1738 4941 1830 5001 nobili
1851 4942 1926 5017 viro,
1948 4938 2085 5019 Georgio
2104 4941 2231 5016 Veneto,

158 5033 165 5041 “
211 5024 364 5100 Quaestio,
386 5027 512 5085 recitata
532 5045 551 5084 a
572 5026 651 5104 Mag.
673 5022 806 5103 Georgio
828 5024 1000 5085 Bunnanuo
1024 5023 1096 5086 737.
1289 5027 1419 5087 Pruteno
1443 5028 1515 5087 801.
1620 5039 1622 5042 ’

211 5106 369 5187 Quaestio,
392 5131 411 5170 a
428 5110 514 5185 Vite,
544 5110 683 5171 Doctoris
704 5112 767 5172 Viti
788 5110 966 5172 Winshemii
985 5110 1062 5185 lilio,
1089 5129 1195 5190 propo
1247 5112 1388 5188 Quaestio
1415 5133 1434 5172 a
1462 5111 1558 5172 Paulo
1585 5110 1683 5173 Ebero
1711 5112 1790 5189 tilio,
1819 5114 1950 5175 noudum
1976 5122 2044 5174 octo
2073 5133 2231 5190 annorum,

254 5198 311 5257 sita
335 5200 405 5259 736.
1041 5290 1049 5303 .
1288 5201 1412 5259 recitata
1433 5199 1504 5261 803.
