4718 6000
42 311 46 314 ,
166 260 210 329 91
818 255 1009 325 PHILIPPI
1029 255 1349 328 marmoreis
1371 258 1535 328 OPERA.
1554 268 1557 277 '

168 453 240 515 Mai.
280 452 332 512 25.
353 449 511 510 Mauritius
532 448 606 508 Dux
626 448 697 510 Sax.
719 450 800 507 venit
820 447 1026 509 Ratisbouam.

283 538 334 598 26.
354 535 436 596 Frid.
455 531 616 612 Staphylus
639 535 858 593 commendatur
879 533 1012 607 Alberto,
1034 533 1114 594 Duci
1134 534 1237 596 Prusa.

288 626 338 683 31.
359 621 451 681 Mittit
470 621 601 699 pagellas
623 622 660 679 de
681 638 820 679 consessu
838 620 923 678 tertio
943 616 1056 698 Synodi
1071 620 1204 682 Trident.

359 707 458 766 Habet
478 706 600 765 1010100
621 705 780 764 liberorum
800 703 976 779 Lutheri,
1002 705 1086 766 cuins
1107 706 1215 767 viduas
1234 705 1376 787 Princeps
1398 707 1596 772 111001001οο
1618 710 1711 771 millis
1733 728 1890 773 aureorum
1911 713 2002 774 donat
2023 715 2062 774 sd
2087 733 2184 775 emen·

392 794 462 852 dum
483 792 615 850 fundum.

168 880 234 941 Iun.
309 882 337 939 1.
360 878 515 937 Praefatur
537 877 570 936 in
589 875 626 939 T.
649 875 689 935 11.
712 895 835 956 operum
855 875 979 935 Lutberi
1000 876 1168 938 latinorum.
1202 878 1212 883 “

306 966 336 1024 3.
358 961 466 1024 Scribit
488 963 610 1021 latinam
629 963 846 1021 recusationem
867 962 985 1022 concilii
1003 961 1179 1024 Tridentini.

241 1067 246 1076 ·
357 1049 449 1108 Mittit
469 1046 601 1124 Georgio
623 1047 786 1108 Anhaltino
808 1048 971 1107 orationem
990 1048 1173 1127 synodalem.

283 1138 333 1196 13.
355 1134 475 1212 Lipsiae
492 1143 544 1192 est
564 1134 643 1211 apud
664 1129 875 1193 camerarium.

285 1223 333 1283 16.
356 1221 462 1298 Legati
484 1219 714 1279 Protestantium
735 1219 917 1279 Ratisbonae
936 1214 1096 1278 00000000
1113 1219 1233 1294 adeunt,
1256 1229 1286 1278 et
1307 1219 1495 1281 sciscitantur
1515 1222 1553 1281 de
1573 1232 1717 1300 apparatu
1738 1223 1854 1284 bellico·

285 1307 336 1366 20.
358 1306 515 1365 Mauritius
536 1304 608 1363 Dux
628 1305 752 1364 discedit
774 1324 812 1364 ex
832 1305 969 1364 comitiis.

356 1392 431 1450 Item
454 1391 608 1451 discedunt
629 1389 856 1451 Protestantium
879 1389 980 1467 legati,
1001 1389 1076 1447 alius
1097 1397 1166 1467 post
1187 1389 1289 1449 01100.

327 1523 329 1529 .
356 1477 428 1536 Mel.
455 1477 587 1554 queritur
608 1477 646 1534 de
664 1476 797 1555 parergis
818 1474 925 1554 quibus
945 1475 1099 1534 aulaeum
1122 1485 1233 1538 000001.
1279 1471 1436 1554 08000100,
1457 1476 1568 1555 inquit,
1591 1495 1760 1557 quanquam
1781 1496 1890 1554 senex,
1912 1481 1950 1540 da
1970 1480 2043 1560 fuga
2064 1484 2183 1560 aogit03

391 1563 445 1622 sed
464 1562 546 1621 breti
566 1562 700 1622 fortassis
717 1580 796 1621 mors
816 1561 970 1638 abrumpet
987 1561 1040 1620 has
1061 1561 1176 1638 ineptas
1198 1563 1438 1640 occupationes

283 1648 335 1708 21.
357 1647 501 1708 Civitates
523 1645 703 1706 (1000001010
725 1647 886 1726 superioris
905 1665 988 1705 arma
1008 1647 1140 1725 capiunt.

281 1734 332 1796 25.
353 1733 526 1792 Melanthon
548 1733 607 1791 ium
628 1751 801 1811 persuasum
823 1732 921 1810 habet,
943 1733 1049 1810 ingens
1068 1731 1178 1791 bellum
1200 1732 1308 1809 parari.

216 1866 224 1883 .
284 1823 333 1881 10.
355 1818 427 1879 Mel.
449 1818 555 1877 iterum
578 1819 638 1876 edit
659 1817 781 1877 Lntheri
802 1816 951 1894 mamone
970 1835 1006 1880 cu
1023 1818 1093 1894 tetus
1110 1818 1178 1881 ttebe
1195 1816 1354 1895 1100111100,
1375 1817 1559 1896 praefatione
1578 1819 1687 1878 addita
2268 1890 2275 1899 ,

284 1907 333 1965 15.
356 1905 511 1964 Publicum
533 1904 675 1980 scriptum
693 1903 934 1976 Protestantinm,
956 1921 1015 1980 quo
1036 1902 1196 1977 declarant,
1217 1904 1326 1963 bellum
1348 1904 1385 1963 ab
1407 1902 1589 1983 Imperatore
1608 1904 1760 1984 religionis
1781 1913 1896 1965 tantum
1917 1924 2008 1967 causa
2023 1908 2143 1986 suscipi.

356 1991 440 2068 Papa
460 1991 586 2063 ordinat,
608 1999 641 2048 ut
661 2007 764 2068 preces
785 1989 921 2067 publicae
941 1989 1014 2048 fiant
1033 2007 1090 2070 pro
1115 1991 1315 2066 exstirpandis
1337 1991 1503 2049 haereticis.
2026 1994 2041 2010 ⁶

286 2075 339 2136 20.
360 2074 435 2135 Dux
456 2071 605 2135 Saxoniae
627 2085 657 2134 et
677 2074 881 2152 laudgravius
901 2074 1029 2134 Hasaiae
1050 2073 1176 2152 publicis
1195 2075 1301 2136 litteris
1323 2076 1545 2153 proscribuntur
1566 2076 1604 2134 ab
1625 2074 1816 2154 Imperatore.

355 2162 467 2222 Rector
487 2161 667 2220 Academiae
687 2159 838 2238 Viteberg.
860 2161 1021 2220 annunciat
1042 2159 1237 2234 scholasticis,
1256 2161 1331 2239 ipsis
1352 2161 1452 2235 licere,
1474 2162 1501 2222 si
1522 2161 1623 2235 velint,
1646 2180 1686 2220 ax
1706 2162 1870 2222 Academia
1885 2163 2038 2223 discedere
2058 2173 2183 2243 propter

388 2248 544 2307 imminens
566 2247 686 2306 bellum.

281 2333 333 2393 22.
353 2333 527 2393 Melanthon
547 2333 699 2401 invitatur,
720 2338 764 2400 nt,
787 2330 813 2389 si
834 2329 943 2390 bellum
964 2330 1085 2408 propius
1107 2330 1239 2404 accedat,
1258 2349 1293 2390 se
1312 2330 1442 2391 conferat
1462 2329 1646 2392 Northusam
1666 2333 1706 2393 ad
1725 2333 1949 2412 Meienburgum
1971 2335 2136 2399 consulem.

283 2418 334 2479 27.
356 2418 426 2477 1101
449 2418 582 2478 hortatur
603 2417 806 2489 scholasticos,
828 2426 862 2474 ut
881 2417 929 2476 vel
949 2417 982 2474 in
1002 2433 1086 2475 suam
1108 2417 1233 2494 quisque
1252 2417 1378 2494 patriam
1397 2417 1444 2476 vel
1465 2418 1498 2475 iu
1514 2417 1575 2477 alia
1595 2419 1663 2478 loca
1682 2419 2069 2497 tranquilliora'discedant.

280 2504 332 2564 28.
355 2500 526 2563 Camerario
548 2503 650 2563 scribit
672 2503 743 2580 quid
764 2509 878 2561 metuat
898 2509 1033 2580 aperetve
1053 2503 1091 2560 de
1111 2501 1199 2562 ballo.
1360 2520 1364 2527 ·
1863 2577 1867 2586 ι

165 2591 245 2668 Aug.
286 2593 335 2652 ll.
355 2586 428 2649 Dux
446 2586 595 2650 Senoniae
612 2588 733 2648 Elector
756 2595 786 2646 et
806 2587 1010 2664 Landgravius
1032 2585 1162 2646 Hassiae
1180 2587 1353 2664 Imperatori
1370 2587 1489 2660 bellum,
1511 2588 1610 2649 missis
1631 2588 1747 2664 litteris,
1768 2591 1913 2651 indicunt.

356 2675 441 2753 (Mel.
464 2674 496 2732 in
515 2673 652 2734 omnibus
668 2673 802 2752 epistolis
818 2674 858 2732 ad
877 2672 988 2734 amicos
1004 2672 1117 2743 scribit,
1135 2680 1277 2752 quantum
1294 2672 1428 2733 dolorem
1444 2674 1588 2753 amcipiet
1604 2692 1644 2734 ex
1660 2676 1739 2738 ballo
1758 2677 1886 2755 primum
1902 2685 2049 2757 suscepto,
2072 2678 2186 2739 ddnda

389 2759 519 2838 segniter
535 2761 642 2837 gesto.)

165 2843 247 2926 Sept.
304 2850 332 2905 1.
355 2844 427 2906 Edit
449 2846 636 2905 collationem
657 2845 806 2904 actionum
824 2843 986 2904 forensium
1004 2845 1173 2903 Atticarum
1196 2853 1227 2905 et
1247 2842 1457 2904 Romanarum.

303 2933 333 2991 2.
356 2932 548 3010 Respondent
568 2930 713 3009 Princeps
735 2930 855 2990 Elector
876 2937 907 2988 et
926 2929 1132 3006 Landgravius
1154 2930 1194 2988 ad
1214 2929 1346 2990 tabulam
1366 2929 1600 3011 proscriptionis.

283 3020 333 3080 15.
355 3018 446 3091 Aula,
463 3025 497 3075 ut
513 3017 677 3075 Academia
697 3017 825 3090 secedat,
847 3015 928 3095 quod
945 3015 1119 3075 Melanthon
1134 3024 1269 3090 0000001,
1288 3035 1328 3074 00
1347 3015 1485 3076 maledici
1506 3016 1616 3091 dicant,
1634 3016 1769 3076 doctores
1785 3035 1864 3079 nunc
1879 3017 1994 3097 fugare.
2008 3050 2053 3067 -
2069 3018 2186 3082 Adhuc

390 3111 437 3162 est
456 3103 621 3180 frequentia
642 3103 808 3162 auditorum
828 3102 861 3159 in
883 3101 1056 3162 Academia.

280 3189 332 3250 25.
355 3188 465 3248 Milites
486 3189 518 3246 in
537 3186 662 3247 Lusatia
683 3188 869 3266 colliguntur,
891 3187 1022 3247 invasuri
1044 3183 1217 3260 saxoniam,
1240 3204 1333 3264 quare
1351 3186 1522 3247 scholastici
1543 3187 1737 3248 dimittuntur.

166 3269 233 3335 001.
302 3278 332 3336 9.
355 3274 593 3334 Deliberationes
613 3275 650 3333 de
671 3293 745 3351 pace
767 3292 834 3333 cum
855 3270 983 3331 Caesare
997 3272 1133 3333 facienda
1154 3271 1272 3331 0001110
1293 3269 1410 3332 Castris
1431 3271 1670 3333 Foederatcrmn.

284 3360 333 3422 12.
357 3359 518 3420 Nuntiatur
540 3359 649 3437 palam,
670 3360 841 3419 Mauritium
862 3357 978 3416 Ducem
999 3377 1082 3417 arma
1104 3376 1210 3438 capere
1231 3365 1335 3419 000100
1354 3357 1522 3436 Principem
1543 3359 1719 3419 1110010000.

284 3446 335 3505 18.
356 3446 449 3504 Mittit
466 3445 599 3522 Georgio
621 3445 790 3504 Anhaltino
801 3444 964 3504 orationem
983 3445 1165 3522 synodicam.
1191 3441 1323 3504 Dimittit
1339 3444 1417 3504 filios
1434 3445 1619 3522 Meienburgi
1635 3463 1674 3505 ex
1684 3445 1856 3520 Academia,
1872 3446 2034 3507 utdomum
2045 3447 2186 3509 redeant.

282 3531 335 3590 20.
356 3529 569 3604 Ferdinandus,
592 3530 660 3589 Rex
681 3531 852 3604 Bohemiae,
874 3529 982 3588 bellum
1003 3531 1107 3589 indicit
1126 3530 1206 3589 Duci
1226 3527 1297 3589 800
1318 3530 1457 3590 Electori.

281 3616 332 3676 27.
355 3617 510 3675 Mauritius
531 3616 605 3675 Dux
627 3613 699 3676 Sar.
722 3615 861 3688 declarat,
883 3633 917 3674 se
933 3626 1028 3675 terras
1049 3615 1198 3693 Priscipis
1216 3616 1363 3675 Electoris
1385 3622 1593 3695 occupaturum
1614 3633 1690 3678 0000.

284 3701 335 3763 29.
359 3703 528 3762 Ioachimus
549 3702 661 3762 March.
684 3701 779 3760 Elect.
801 3700 985 3760 Melanthoni
1006 3701 1168 3780 hospitium
1189 3701 1344 3774 obtulerat,
1366 3703 1414 3760 cui
1434 3703 1546 3780 gratias
1567 3702 1639 3779 agit.

238 3834 245 3850 .
304 3792 331 3849 1.
354 3789 488 3847 11000001
508 3788 617 3846 bellum
637 3789 669 3845 in
690 3788 758 3866 ripa
780 3787 877 3860 Albis,
898 3788 1058 3865 dissipatur
1079 3783 1189 3846 Schola
1208 3787 1436 3863 11105οῃ0001.
1480 3788 1567 3846 Multi
1587 3806 1620 3847 se
1641 3787 1797 3847 conferunt
1818 3789 2062 3868 Magdeburgnm.

301 3877 331 3933 4.
354 3871 462 3933 8001511
479 3893 562 3933 suam
581 3874 766 3948 sententiam,
786 3893 825 3932 00
841 3873 929 3932 liceat
943 3857 1068 3933 0051110
1082 3873 1304 3932 Mauritiiarma
1315 3891 1420 3952 capere
1430 3874 1468 3932 ad
1479 3873 1701 3952 opprimendum
1712 3873 1763 3937 Pr.
1774 3874 1942 3936 1110010000
1952 3883 1983 3935 01
1992 3874 2186 3953 religionem.

303 3961 333 4020 6.
355 3959 464 4020 Schola
486 3980 505 4018 0
521 3959 649 4018 11001000
670 3960 858 4034 Academiae,
880 3967 1001 4037 propter
1020 3967 1130 4018 metum
1151 3958 1314 4018 obsidionis
1332 3959 1422 4033 urbis,
1444 3960 1607 4018 dimittimr.

303 4049 332 4106 9.
354 4045 475 4105 Initium
496 4045 585 4123 fugae
606 4045 872 4124 Vitebergensium.
917 4044 1058 4103 Decrevit
1076 4043 1146 4104 Mel.
1165 4046 1305 4106 secedere
1325 4041 1501 4105 Servestam.

282 4133 332 4191 10.
356 4130 489 4210 Georgio
509 4131 687 4205 Anhaltino,
716 4151 770 4209 pro
791 4150 865 4208 pace
886 4140 1003 4203 acturo,
1025 4130 1127 4190 scribit
1148 4131 1255 4209 quibus
1276 4131 1437 4190 rationibus
1454 4131 1611 4190 Mauritius
1628 4129 1703 4190 Dux
1722 4132 1888 4210 permoveri
1908 4131 2017 4211 possit,
2038 4140 2074 4191 ut
2096 4133 2189 4195 Vite-

390 4217 499 4296 bergae
515 4226 656 4296 parceret
686 4217 811 4275 Accedit
827 4218 974 4276 0110001100
990 4216 1107 4276 10011110
1124 4217 1163 4276 ad
1179 4216 1281 4276 urbem
1302 4226 1332 4276 et
1348 4217 1528 4276 deditionem
1544 4217 1683 4295 postulat
1715 4218 1799 4294 (vid
1810 4219 1899 4298 epu
1916 4216 2189 4299 1011001547.)

282 4305 331 4364 11.
354 4303 425 4361 Mel.
448 4321 481 4362 00
502 4303 617 4363 confert
633 4300 809 4364 Servestam.

282 4389 332 4448 13.
355 4386 519 4454 Dessaviae
541 4388 642 4447 scribit
663 4406 746 4447 suam
769 4384 954 4463 sententiam,
977 4405 1016 4444 an
1036 4405 1140 4465 preces
1160 4387 1298 4468 publicae
1317 4406 1371 4465 pro
1391 4381 1519 4447 Caesare
1535 4388 1569 4448 in
1586 4388 1729 4449 Ecclesiis
1746 4389 1813 4449 deri
1833 4390 1966 4450 debeant.

285 4475 335 4535 16.
358 4475 451 4533 Mittit
470 4475 596 4553 paginas
616 4473 692 4533 libro
714 4474 806 4532 Menii
828 4486 882 4537 butt
900 4473 946 4536 ta
963 4472 1127 4551 2101110010,
1151 4475 1232 4553 qnod
1252 4474 1430 4552 Vitebergae
1452 4475 1659 4549 excudebatur,
1681 4475 1840 4536 addendas.

283 4562 332 4621 17.
354 4561 410 4619 Est
431 4558 594 4634 Servestae,
616 4578 672 4618 uec
694 4558 756 4618 vult
777 4578 843 4618 cum
865 4558 931 4619 aliis
952 4560 1134 4620 Ductoribus
1154 4561 1387 4639 Magdeburgum
1408 4559 1498 4621 abire.

281 4644 332 4705 21.
355 4644 479 4706 Gratias
500 4648 562 4724 agit
581 4642 705 4706 Senatui
725 4643 944 4719 Bruusvioensi,
966 4647 1018 4723 qni
1039 4647 1068 4704 ei
1089 4646 1250 4726 hospitium
1271 4645 1429 4705 obtulerat.

280 4731 332 4793 22.
354 4731 524 4791 Flacinm
547 4731 738 4811 Illyricum
761 4732 946 4792 commendat
966 4730 1107 4790 Medlero.

279 4817 330 4881 23.
353 4816 503 4892 Queritnr,
525 4819 605 4897 qnod
627 4817 702 4876 nihil
723 4819 789 4877 sani
810 4816 925 4877 consilii
946 4816 1035 4876 sitin
1058 4814 1128 4876 aula
1148 4816 1305 4891 Electoris,
1327 4827 1359 4877 et
1379 4818 1459 4896 cupit
1478 4818 1599 4878 omnino
1616 4817 1736 4878 liberari
1756 4817 1795 4878 05
1816 4817 1895 4879 aula

353 4903 544 4982 Pfeffingero‚
566 4903 705 4982 theologo
722 4902 817 4982 Lipa,
836 4902 938 4963 scribit
957 4903 1106 4981 quomodo
1126 4903 1233 4962 debeat
1253 4905 1364 4963 versari
1385 4906 1417 4963 in
1438 4905 1496 4965 hoc
1517 4903 1605 4963 bello.

278 4990 330 5051 25.
352 4991 596 5068 Baumgartnerc,
620 4991 671 5067 qui
694 4990 722 5047 01
739 4988 887 5050 obtulerat
906 4989 1076 5067 hospitium,
1097 4989 1208 5065 gratias
1225 4990 1295 5068 agit.

277 5077 329 5142 27.
352 5076 423 5134 1101.
444 5093 478 5134 00
500 5076 612 5135 0001001
630 5075 871 5155 Magdeburgum,
893 5075 944 5135 ubi
966 5084 1162 5134 commoratus
1183 5085 1229 5135 est
1247 5093 1343 5154 usqne
1363 5076 1401 5135 ad
1423 5076 1451 5134 d.
1472 5073 1528 5135 v1.
1548 5073 1621 5133 Dec.

278 5165 329 5223 30.
351 5161 518 5236 Mauritius,
540 5161 620 5235 Dux,
643 5170 689 5221 est
709 5161 740 5218 in
761 5163 869 5241 oppido
887 5161 1049 5240 Kamberg.
