4718 6000
127 317 129 321 ’
253 321 278 390 3
910 317 1098 386 ΡΗΙΗΡΡΙ
1120 316 1439 384 MELANTHONIS
1462 315 1624 383 OPERA.
2260 320 2283 384 d

259 533 329 594 pere
350 515 527 593 culpandum
552 524 638 574 esset.
682 512 894 573 Pruuuuciatio
917 510 1052 572 uouuihil
1078 511 1243 570 balbutiens
1264 529 1324 570 nou
1348 510 1436 569 modo
1462 519 1602 587 tauquam
1627 527 1720 586 prava
1746 508 1981 586 colloquentibus
2004 510 2128 570 molesta
2151 519 2181 569 et
2202 512 2282 571 iuiu-

260 601 357 662 cuuda
373 618 434 661 uon
450 601 521 673 fuit,
538 600 590 660 aed
611 599 756 678 puerilem
774 598 981 677 loquacitatem
999 598 1064 656 uisa
1087 598 1176 656 etiam
1200 605 1246 655 est
1263 597 1376 654 decere.
1420 590 1510 668 Quod
1534 596 1636 655 vitium
1665 604 1764 654 umen
1791 597 1971 672 procedente
1996 605 2091 656 aetate
2116 599 2282 659 amotione

261 695 292 746 et
309 687 441 746 curasic
458 686 638 758 emendavit,
656 686 756 744 utrix
772 684 946 744 tenuissima
962 683 1042 744 illius
1060 684 1199 762 vestigia,
1221 682 1310 743 verba
1331 683 1503 760 praesertim
1531 700 1567 741 eo
1591 689 1729 740 accurate
1753 681 1893 754 faciente,
1917 693 2092 762 apparerent
2114 692 2205 761 atque
2229 687 2281 745 do·

261 773 540 852 prehenderentur.‘
564 803 608 816 --
636 768 754 832 Graeca
776 771 879 831 didicit
903 788 923 829 a
952 764 1120 831 Simlero.
1143 803 1187 814 -
1210 769 1328 829 Mortem
1353 787 1410 827 avo
1438 768 1555 827 vivebat
1579 787 1646 828 cum
1670 768 1761 827 fratre
1786 766 1919 847 Georgio
1944 777 1973 828 et
1997 769 2109 829 Ioanne
2131 771 2281 833 avunculo

261 861 339 937 apud
362 878 493 920 sororem
519 856 671 917 Ioannis
694 857 911 929 Reuchliui,
935 857 1014 933 quod
1037 855 1180 915 Reutheri
1203 861 1234 913 at
1257 853 1413 913 Reuchliui
1437 854 1770 933 familiae-cognatione⁴
1792 855 2057 934 coniungerentur3
2080 874 2139 932 quo
2167 857 2291 919 iactum

262 957 316 1020 eat,
334 952 367 1004 ut
390 943 619 1004 Reuchliuus
642 945 726 1021 pueri
743 943 872 1003 indolem
897 950 928 1000 et
951 943 1049 1002 studia
1070 949 1270 1021 cognosceret.
1313 939 1373 1000 Hic
1396 940 1512 999 libellos
1536 941 1696 1018 quosdam,
1719 942 1796 1000 iuter
1820 960 1894 1018 quos
1916 941 2032 1019 plenior
2057 939 2281 1004 Grammaticae

264 1028 399 1092 Graecae
415 1037 557 1090 tractatae
574 1037 604 1088 et
619 1028 754 1089 Lexicou
772 1025 1052 1088 Gracco-Latinum
1075 1027 1147 1100 fuit,
1172 1028 1200 1086 ei
1223 1027 1360 1100 donavit,
1383 1027 1529 1103 simulque
1546 1035 1650 1087 auctor
1667 1027 1733 1101 fuit,
1759 1035 1792 1086 ut
1813 1047 1895 1087 more
1921 1029 2073 1088 doctorum
2096 1029 2176 1090 illius
2201 1032 2281 1105 aeri,

262 1135 369 1178 nomeu
387 1134 473 1176 suum
498 1114 759 1189 Schwaraerd,
777 1117 856 1192 quod
875 1114 978 1194 lingua
994 1115 1088 1174 latina
1105 1114 1230 1192 exprimi
1248 1113 1299 1171 vix
1316 1121 1426 1190 potest,
1443 1115 1474 1172 iu
1491 1131 1630 1190 graecum
1655 1113 1962 1175 Melanchthouis
1985 1124 2119 1188 mutaret,
2137 1117 2281 1194 quoPhi-

263 1201 361 1282 lippus
377 1212 481 1281 postea
499 1211 667 1262 constanter
683 1210 825 1276 nauseat,
843 1220 1022 1279 quanquam,
1040 1201 1109 1259 dum
1132 1201 1162 1258 iu
1180 1195 1289 1260 suevia
1305 1199 1432 1273 vivebat,
1451 1217 1484 1259 se
1502 1200 1589 1258 etiam
1607 1199 1687 1259 haud
1703 1218 1771 1259 raro
1790 1220 1809 1258 a
1825 1202 1923 1278 patria
1939 1200 2112 1281 Philippum
2130 1200 2282 1263 Bretta·

262 1308 344 1350 uum
361 1288 540 1349 nominabat.
580 1287 667 1347 Illum
685 1306 754 1347 uero
772 1294 885 1367 postea,
905 1298 935 1347 et
950 1287 1069 1365 quidem
1087 1287 1155 1345 inde
1176 1285 1214 1344 ah
1232 1304 1311 1345 anuo
1334 1287 1423 1345 1531.
1441 1295 1570 1346 mutasse
1594 1286 1911 1347 Melanchthonem
1933 1288 1964 1346 iu
1987 1287 2281 1363 llelanthouem,

264 1384 296 1434 ut
311 1381 502 1456 ausoqeuvtcv
522 1375 637 1448 vitaret,
660 1383 689 1433 et
705 1383 810 1452 postea
831 1394 890 1434 nou
908 1375 967 1433 uisi
985 1374 1148 1451 posteriorc
1166 1371 1259 1431 forma
1278 1388 1361 1431 asum
1381 1389 1460 1444 ease,
1483 1372 1542 1431 alio
1559 1372 1626 1432 loco
1643 1372 1714 1432 dixi.

1105 1588 1263 1657 ANNO
1305 1591 1434 1658 tstts.

416 1748 496 1810 Oura
518 1752 620 1810 mauis
643 1760 672 1808 et
694 1751 924 1828 propiuquorum
946 1747 1102 1828 Philippus
1124 1751 1231 1809 udasus
1253 1757 1298 1808 est
1320 1748 1563 1826 Heidelbeigam,
1584 1757 1615 1807 ut
1632 1750 1674 1810 ibi
1695 1751 1792 1810 studia
1814 1761 2048 1830 prosequeretur.
2093 1752 2171 1813 Albo
2199 1757 2282 1815 Aca-

261 1838 378 1898 demico
405 1838 449 1898 sic
470 1838 629 1915 inscriptus
647 1837 768 1912 legitur:
799 1837 854 1911 ,In
875 1835 1037 1895 Rectoratu
1055 1835 1086 1894 11
1103 1835 1182 1914 Mag.
1205 1834 1346 1915 Iohannis
1368 1835 1491 1915 Wyseus
1509 1835 1546 1894 de
1568 1833 1756 1915 Oberspach,
1780 1837 1891 1898 Iurium
1912 1836 2089 1910 Licentiati,
2110 1839 2282 1904 intitulatus

261 1933 307 1985 eat
323 1925 353 1983 d.
374 1923 463 1983 XIII.
485 1922 551 1984 Oct.
578 1924 659 1983 1509
681 1921 881 2000 Philippus
902 1919 1143 1981 Schwaraerd
1165 1923 1208 1980 de
1229 1920 1410 1981 Bretteu.“
1457 1918 1520 1998 (CI.
1545 1917 1782 2000 Brittiughauseu
1802 1922 1942 2002 Beitriga
1964 1945 2017 1984 rur
2042 1923 2136 1984 Pfitz.
2164 1923 2282 1989 Gaetu

259 2009 296 2069 P.
319 2008 344 2069 1.
366 2029 395 2088 p.
417 2011 483 2085 38.)
500 2043 542 2057 -
562 2008 650 2068 Vixit
665 2008 708 2068 ibi
727 2008 806 2084 apud
827 2006 989 2068 Doctorum
1005 2007 1058 2067 illo
1075 2007 1142 2068 loco
1164 2016 1193 2065 et
1214 2016 1348 2086 tempure
1365 2007 1571 2081 durissimum,
1589 2008 1803 2071 Pallantem
1823 2007 2078 2089 SpaugeIium.
2111 2012 2167 2086 Ibi,
2188 2029 2282 2090 quum

259 2096 381 2175 nuptiae
403 2093 543 2174 Georgii,
569 2093 664 2154 Ducis
684 2093 878 2153 Pomerauiue
901 2102 931 2151 et
951 2093 1031 2153 llliae
1053 2094 1182 2153 Palatini
1204 2091 1350 2154 illectoris
1370 2093 1596 2167 celebrarentur,
1618 2095 1790 2175 Philippus,
1813 2097 2001 2172 adolescens,
2023 2101 2070 2176 (ιιι
2090 2099 2156 2177 ipss
2178 2110 2284 2161 narrat

259 2182 292 2242 in
314 2182 398 2259 epist.
421 2183 449 2242 d.
472 2182 501 2240 d.
524 2183 571 2239 14.
594 2183 668 2257 Apr.
693 2180 790 2252 1560)
812 2179 949 2257 portabat
967 2180 1036 2238 vina
1058 2178 1224 2259 hospitibus
1245 2178 1448 2240 Pomerauicis
1469 2183 1549 2260 apud
1571 2200 1657 2241 suum
1681 2182 1841 2242 doctorem.
1889 2180 1978 2257 Quod
1997 2203 2037 2243 ue
2058 2186 2125 2262 quia
2146 2187 2283 2262 miratur,

261 2269 387 2346 cogitet,
402 2267 455 2326 illo
476 2276 608 2345 tempore
629 2265 808 2325 Academias
830 2285 849 2323 a
871 2262 1046 2342 Gymnasiis
1066 2284 1145 2341 uon,
1173 2276 1206 2325 ut
1225 2285 1305 2326 uuuc
1324 2276 1408 2341 sunt,
1435 2269 1507 2327 aatis
1536 2269 1690 2329 distinctas
1717 2269 1826 2343 fuisse,
1854 2271 1906 2329 sed
1930 2271 2017 2330 simul
2045 2269 2288 2351 Gymnasiorum

261 2354 329 2413 locu
346 2353 522 2414 Academias
543 2351 649 2425 luisse,
670 2352 798 2431 ideoque
814 2351 975 2432 discipulos
998 2352 1086 2413 etiam
1103 2352 1243 2425 iuniores,
1264 2371 1342 2426 uon,
1367 2349 1405 2412 ut'
1426 2372 1520 2428 nunc,
1548 2373 1602 2432 per
1629 2362 1689 2417 tres
1718 2355 1763 2414 vel
1792 2365 1917 2436 quatuor
1939 2374 2033 2417 auuos
2052 2356 2084 2416 iu
2105 2352 2289 2435 Academiia'

262 2439 382 2513 vixisse,
404 2440 458 2500 aad
479 2439 650 2518 plerumque
667 2457 722 2517 per
742 2438 842 2516 plures
859 2455 969 2510 anuos,
991 2439 1052 2497 imo
1073 2457 1128 2518 per
1145 2439 1320 2499 sexenuium
1344 2439 1388 2499 vel
1410 2440 1594 2500 decennium.
1831 2475 1836 2479 -
2188 2446 2192 2451 '

1066 2656 1225 2726 auno
1265 2628 1380 2725 iuri
1413 2678 1467 2747 aq.

414 2822 505 2879 Auno
531 2819 623 2878 1511.
642 2817 671 2897 d.
692 2820 741 2876 11.
763 2815 830 2877 Iun.
851 2815 1028 2897 Philippus,
1047 2817 1165 2879 iuvenis
1185 2817 1248 2879 iere
1267 2814 1345 2879 xlv
1365 2837 1525 2894 morum,
1547 2818 1767 2883 Baeculaureus
1785 2821 1882 2882 iachrs
1904 2830 1959 2883 est.
1980 2855 2023 2866 -
2044 2816 2174 2903 Operam
2197 2825 2290 2897 dau

260 2905 446 2975 instituendis
468 2902 583 2964 duobus
604 2902 674 2963 liliis
696 2899 821 2964 Comitis
841 2901 1028 2965 LuduvIci
1050 2923 1070 2964 a
1089 2901 1361 2964 bouveustoiu.
1557 2962 1566 2981 ,Ι

414 2989 526 3051 Postea
546 2989 663 3049 titulum
680 2989 818 3068 Magistri
838 2989 1005 3050 liberalium
1027 2990 1135 3050 artium
1156 2989 1194 3049 ab
1219 2989 1385 3050 Academia
1409 2992 1513 3069 petiit,
1542 2993 1592 3070 qui
1622 3012 1692 3053 vero
1713 2994 1741 3053 ei
1766 3011 1827 3053 uon
1847 2994 1936 3054 datus
1967 3005 2012 3054 est
2035 2998 2114 3073 quod
2139 2997 2285 3062 docere·

258 3078 378 3156 quidam
404 3076 488 3138 illum
514 3077 657 3136 bonorem
682 3076 804 3136 iuuenili
830 3077 919 3135 aetati
949 3076 1077 3136 tribuere
1105 3075 1227 3137 nollent
1272 3071 1360 3147 Quod
1388 3095 1477 3157 aegre
1504 3076 1619 3153 serens,
1647 3087 1717 3140 eta
1747 3079 1857 3141 crebris
1885 3081 2095 3142 tentationibus
2122 3075 2284 3148 iebuilibaa

259 3172 400 3239 vexatus,
422 3163 577 3243 Philippus
598 3162 695 3223 locum
715 3170 828 3223 mutare
849 3162 988 3222 decrevit.

1025 3379 1224 3449 —ANNO
1264 3378 1384 3449 1512
1415 3401 1467 3470 sq.

415 3545 505 3600 Auno
532 3540 623 3602 tuit.
648 3541 677 3600 d.
710 3541 757 3601 17.
787 3536 869 3618 Sept.
891 3541 965 3622 adiit
993 3540 1187 3601 Academiam
1214 3538 1452 3618 Tubiugeusem,
1483 3541 1514 3599 iu
1543 3559 1602 3619 qua
1629 3559 1724 3620 usque
1747 3543 1785 3605 ad
1810 3543 1922 3606 abitum
1943 3563 2029 3613 suum
2055 3546 2086 3607 iu
2110 3544 2284 3615 Saacu'mn

262 3627 377 3704 (1518)
398 3645 513 3704 semper
535 3637 580 3686 est
602 3636 749 3699 versatus,
770 3627 897 3705 primum
919 3627 1098 3705 discipulus,
1119 3644 1192 3686 mox
1213 3645 1284 3685 vero
1304 3627 1369 3704 ipse
1390 3627 1495 3687 doctor
1521 3628 1656 3687 aliorum.
1700 3627 1828 3707 Operam
1852 3631 1934 3691 dedit
1957 3632 2141 3708 potissimum
2172 3636 2284 3699 litters

260 3714 376 3792 graecis
396 3713 564 3791 huiusque,
586 3712 802 3791 philosophiae,
824 3713 977 3787 historiae,
1000 3712 1202 3789 eloquentiae,
1219 3711 1406 3786 dialecticae,
1425 3714 1670 3790 mathematicae,
1688 3716 1834 3795 mutuique
1854 3718 1967 3777 audivit
1986 3719 2157 3798 'I'heolcgos
2179 3727 2283 3801 (pras-

262 3799 349 3876 cipue
369 3796 525 3877 Lempum,
544 3798 751 3859 scholasticam
772 3799 950 3876 theologiam
973 3798 1168 3875 tradentem),
1190 3794 1435 3872 Iurisconsultus,
1457 3810 1486 3858 et
1502 3802 1662 3881 praecipue
1684 3798 1826 3879 Medicos,
1848 3823 1971 3882 quorum
1994 3803 2144 3867 Galeuum
2166 3810 2282 3871 studio-

134 3963 148 3987 ·
179 3934 182 3938 ,
260 3885 376 3946 sisaim
397 3887 478 3965 legit,
496 3887 571 3945 adeo
595 3894 628 3944 ut
647 3886 733 3963 plura
753 3887 921 3946 memoriter
942 3897 1046 3966 posset
1065 3885 1198 3945 recitare.
1245 3885 1324 3944 Inter
1344 3885 1539 3964 philosophos
1561 3896 1591 3946 et
1612 3887 1755 3951 honarum
1777 3889 1938 3951 litterarum
1961 3892 2095 3952 doctores
2116 3896 2281 3974 praecipua

260 3973 374 4034 audivit
393 3971 583 4034 muscum
600 3967 782 4048 Btudlanum,
805 3971 945 4033 Ioannem
966 3968 1140 4044 Stoflerum,
1161 3968 1325 4032 Hsuricum
1349 3970 1518 4047 Bebelium,
1536 3971 1580 4034 Io.
1601 3972 1820 4036 Brassicanum.

1103 4191 1262 4259 ΑΝΝΟ
1303 4193 1431 4259 1514.

415 4349 454 4413 D.
479 4351 529 4412 25.
552 4351 697 4426 Ianuarii,
719 4350 844 4411 Decauo
867 4350 911 4411 Io.
934 4348 1045 4425 Kreas,
1069 4352 1210 4413 bouarum
1231 4355 1338 4415 ardum
1359 4353 1501 4432 Magister
1522 4353 1617 4413 factus
1638 4365 1692 4415 eat.

335 4432 341 4449 ⁸
414 4437 552 4499 Habebat
572 4437 624 4498 illo
647 4446 780 4517 tempore
801 4436 958 4516 Tubiugae
976 4435 1126 4499 officinam
1146 4439 1390 4519 typographicam
1407 4439 1539 4507 Thomas
1560 4440 1752 4502 Aushelmus.
1792 4439 1854 4503 Hic
1871 4461 1963 4519 opera
1982 4439 2183 4505 ulwnuua
2207 4461 2281 4509 m

261 4535 320 4596 est,
342 4533 376 4583 ut
394 4525 478 4599 libri,
496 4525 547 4603 qui
564 4543 584 4584 a
605 4543 639 4584 se
660 4524 829 4597 ederentur,
852 4523 1043 4587 comeo-horas
1075 4525 1239 4604 prodirent.
1281 4524 1381 4602 Quum
1407 4544 1506 4587 meuse
1536 4527 1645 4591 Martie
1670 4527 1817 4595 elaturum
1844 4528 1973 4591 macrum
2001 4527 2142 4607 ep'utclaa
2166 4530 2210 4597 ad
2233 4530 2281 4595 Ic.

260 4608 457 4673 Reuchliuum
479 4612 586 4672 missas
608 4611 718 4686 aderet,
735 4610 909 4671 ldelauthou
930 4609 1000 4670 huic
1021 4609 1122 4671 libello
1146 4609 1358 4689 praefationem
1385 4613 1537 4691 praemisit
1563 4614 1602 4674 de
1624 4614 1701 4694 stylo
1726 4615 1886 4693 epistolari.
1930 4615 2025 4678 Pom
2052 4633 2143 4693 quum
2169 4616 2283 4683 tudun

259 4715 338 4756 auuo
359 4696 539 4759 Anshelmus
561 4695 702 4758 Naucleui
725 4697 883 4758 chronicon
904 4696 1127 4775 exprimendum
1148 4697 1344 4777 suscepisset,
1371 4696 1529 4779 Philippus
1550 4701 1658 4773 multa,
1686 4718 1765 4778 quae
1791 4711 1929 4779 corrupta
1955 4710 2070 4777 esseut,
2098 4703 2282 4781 amada&

260 4783 364 4845 mutila
379 4784 548 4864 complevit,
565 4801 786 4864 supervacanea
801 4783 959 4862 praecidit,
981 4782 1104 4844 confusa
1123 4783 1157 4845 iu
1178 4784 1311 4845 ordinem
1332 4785 1454 4864 redegit
2148 4793 2151 4798 ’

415 4870 485 4951 lpse
500 4871 605 4950 incipit
624 4870 746 4931 iuvenes
765 4870 880 4931 dooere.

1105 5072 1264 5142 ANNO
1302 5073 1428 5142 1515.

415 5233 452 5294 la
474 5231 1548 5311 ouuuoversia,quashoutemporallsasfliuoimtsumlhaacbia,
1569 5233 1918 5315 Philippuslleadulluo
1942 5238 2284 5336 ,addaassdulb
