4718 6000
195 320 265 400 ’666
851 328 1567 399 6611166166616611661666661.
2154 320 2231 405 eoo

193 521 520 584 611011161116611642.
847 512 850 517 ’
1235 522 1351 583 Scheda
1378 523 1415 582 de
1436 521 1621 581 enarratione
1649 522 1791 581 orationis
1813 523 1970 584 Aeschinis
1995 535 2098 586 cenna
2118 524 2226 588 Ktesi-

200 610 290 668 Petro
313 608 469 669 Vincentio
490 608 539 666 die
559 607 651 666 natali
672 606 807 668 Platonis
830 608 902 669 642.
1278 609 1419 688 phontem
1443 607 1515 670 660.
1807 642 1809 647 ·

199 694 291 755 Petro
314 694 472 754 Vincentio
491 693 564 753 643.
1235 695 1408 772 Prodigium
1436 702 1625 771 conspectum
1653 691 1750 754 Sibari
1776 695 1807 753 in
1834 693 1938 770 Italia,
1964 708 2121 774 antequam
2143 697 2226 757 dele-

200 780 354 842 Demetrio
376 779 487 856 hospiti
509 776 839 857 Constantinopolitano
858 779 931 842 643.
1279 789 1359 839 retur
1382 781 1454 842 660.

200 866 238 925 16
264 867 422 943 imaginem
445 863 519 925 Rev.
543 865 631 926 Doct.
655 866 776 926 Ioannis
797 865 1000 944 Bngenhagii,
1027 866 1186 927 Pomerani
1236 865 1459 944 Epigrammata
1492 865 1579 923 trium
1612 872 1773 926 statuarum
1808 867 1847 925 ad
1879 864 2066 947 Strymonem
2098 869 2226 930 fluvium

246 955 319 1011 644.
1279 951 1441 1029 positarum
1464 950 1576 1010 civibus
1598 951 1720 1022 Atticis,
1743 953 1794 1029 qui
1816 954 1921 1013 Medos
1940 957 2161 1032 represserant,
2185 974 2227 1016 ex

202 1035 372 1098 Gratiarum
390 1038 468 1097 aetio
490 1056 545 1113 pro
563 1036 706 1096 beneficio
728 1037 792 1096 nati
811 1035 922 1098 Christi
942 1038 1012 1098 644.
1280 1037 1439 1096 Aeschinis
1460 1044 1535 1097 orat.
1559 1045 1663 1094 contra
1681 1035 1909 1115 Ktesiphontem
1933 1040 2005 1103 660.

200 1124 337 1184 Precatio
360 1124 434 1184 645.
1238 1121 1285 1180 De
1307 1124 1401 1181 civica
1422 1141 1544 1195 corona,
1563 1138 1600 1179 ex
1621 1123 1770 1182 Aeschine
1791 1124 1864 1187 661.

201 1210 250 1271 De
273 1210 420 1286 coningio,
441 1209 473 1267 in
495 1209 613 1285 nuptias
630 1208 752 1269 Ioannis
774 1207 913 1269 Cratonis
935 1209 1007 1270 645.
1236 1206 1273 1265 In
1293 1207 1599 1292 βατραχομυομαχίαν
1620 1207 1744 1268 Homeri
1767 1210 1840 1271 661.

202 1296 252 1355 146
271 1296 433 1354 studiosam
455 1296 636 1354 inventutem
657 1315 710 1374 pro
732 1295 812 1354 felici
833 1295 904 1353 anni
924 1293 1065 1372 suspicio.
1091 1292 1163 1356 646.
1206 1296 1213 1411 Ι
1236 1292 1324 1362 Plato
1342 1295 1374 1353 in
1395 1294 1574 1371 Epinomide
1594 1295 1645 1368 ait,
1667 1307 1781 1372 gratam
1803 1296 1841 1355 de
1861 1293 1928 1355 Deo
1950 1297 2058 1357 lamam
2080 1298 2113 1357 in
2133 1299 2229 1358 astris

202 1381 379 1440 Exhortatio
401 1381 440 1439 ad
461 1381 612 1440 doctrinae
634 1382 732 1442 studia
749 1389 777 1439 et
797 1381 1013 1440 invocationem
1035 1380 1108 1442 646.
1280 1387 1310 1437 et
1331 1379 1466 1438 doctrina
1487 1389 1632 1440 astrorum
1654 1399 1786 1457 sparsam
1808 1399 1872 1441 esse
1896 1380 1968 1442 662.

202 1467 254 1526 Ad
275 1468 377 1526 tanim
399 1467 501 1544 templi
522 1467 553 1525 in
575 1468 686 1545 oppido
706 1465 893 1543 Marienberg
912 1468 984 1528 647.
1236 1462 1334 1525 Locus
1364 1465 1497 1525 Platonis
1529 1465 1599 1526 VII.
1633 1467 1671 1525 de
1697 1467 1824 1545 republ,
1846 1469 1896 1545 qui
1928 1478 1973 1528 eat
1988 1470 2229 1531 'commendatio

203 1548 373 1613 Christiano
395 1552 542 1624 Pontano,
565 1552 750 1614 cancellario
772 1552 889 1613 11661116
911 1549 1022 1613 Saxon.
1047 1550 1119 1613 647.
1279 1550 1462 1610 Dialecticae
1484 1551 1557 1611 662.

202 1633 374 1718 Ἑξάπιχον
394 1638 430 1698 Ρ.
452 1638 492 1698 ld.
516 1639 553 1697 de
575 1641 654 1699 dicto
674 1638 699 1698 Ι.
721 1638 821 1698 Parni.
847 1641 895 1700 17.
921 1638 993 1699 648.
1237 1637 1429 1714 Epigramma
1450 1636 1522 1698 662.

203 1723 317 1785 Versus
338 1724 415 1783 Phil.
436 1725 578 1787 Melanth.
607 1726 710 1802 paucis
737 1725 841 1784 diebus
865 1733 934 1783 ante
955 1722 1067 1783 obitum
1088 1721 1127 1782 ab
1148 1738 1185 1781 eo
1236 1722 1350 1783 Versus
1371 1723 1559 1801 Empedoclis
1582 1724 1653 1785 663.

107 1879 118 1899 1
247 1810 349 1887 scripti
373 1811 445 1869 648.
1237 1806 1349 1867 Versus
1371 1805 1501 1886 Oppiani
1530 1811 1567 1867 de
1588 1810 1693 1868 ardore
1718 1810 1796 1868 inter
1816 1826 1935 1870 cervum
1957 1821 1987 1871 et
2007 1832 2124 1873 cervam
2151 1814 2229 1875 666.

204 1890 266 1954 Cur
286 1914 342 1954 nos
363 1903 446 1955 curet
466 1904 496 1954 et
517 1904 613 1955 servet
633 1893 716 1956 Dens
739 1897 811 1958 649.
1237 1891 1287 1953 Ex
1309 1893 1448 1972 Oppiano
1470 1896 1507 1954 de
1527 1896 1683 1955 venatione
1704 1895 1868 1961 Pardornm
1889 1899 1962 1959 663.

203 1979 287 2042 Dens
309 1989 354 2039 est
375 1991 456 2042 casta
476 2000 559 2041 mens
581 1983 654 2043 649.
1239 1977 1320 2058 Syrii
1341 1989 1424 2038 ortm
1445 1981 1552 2040 noxios
1569 1992 1666 2040 aestus
1684 1981 1784 2054 efficit,
1805 2002 1842 2040 ex
1860 1981 1950 2043 Hom.
1966 1982 2052 2045 Iliad.
2072 1983 2126 2044 22.
2152 1985 2230 2047 664.

203 2063 360 2127 Distichon
385 2068 458 2129 649.
1239 2067 1288 2125 Ex
1311 2065 1436 2125 Homeri
1458 2063 1567 2144 Odyss.
1594 2070 1641 2129 19.
1667 2068 1739 2127 665.

202 2151 240 2211 In
262 2148 395 2211 Genesin
418 2154 491 2215 650.
1240 2151 1288 2210 De
1309 2151 1470 2224 elementis,
1491 2171 1529 2211 ex
1552 2152 1731 2229 Empedocle
1753 2152 1825 2215 665.

203 2239 240 2297 In
260 2239 400 2298 historias
420 2237 536 2315 Regum
560 2239 632 2299 650.
1239 2237 1397 2314 Inscriptio
1416 2238 1448 2295 in
1470 2245 1567 2297 statua
1589 2240 1684 2298 Arato
1706 2234 1848 2316 Sicyonio
1865 2239 1964 2318 posita
1985 2240 2059 2301 665.

204 2323 241 2382 In
263 2324 429 2401 Prophetas
453 2324 524 2386 651.
1000 2336 1022 2385 ss
1084 2360 1088 2367 ·
1241 2320 1344 2381 Oratio
1364 2322 1512 2399 Apollinis
1534 2326 1611 2401 apud
1628 2322 1840 2385 Callimachum
1864 2326 1937 2387 666.

202 2409 239 2468 In
261 2407 398 2468 Psalmos
420 2409 492 2470 651.
1240 2406 1372 2487 clypeus
1399 2408 1461 2467 Titi
1488 2408 1658 2470 Flamminii
1690 2428 1849 2488 suspensus
1876 2412 1908 2470 in
1937 2412 2046 2489 templo
2075 2410 2233 2491 Delphico

203 2494 252 2555 De
274 2496 353 2554 dicte
374 2493 497 2554 Ioannis
519 2494 680 2572 Baptistae.
712 2494 777 2555 Ioh.
804 2497 832 2557 3.
858 2495 930 2558 652.
1285 2494 1358 2555 666.
1992 2548 1995 2554 ,

202 2578 252 2639 De
272 2581 352 2640 dicto
374 2580 482 2643 Esaiae
505 2599 530 2639 6.
554 2581 604 2641 30.
630 2581 701 2642 652.
1240 2576 1352 2639 Hector
1384 2580 1463 2656 apud
1490 2579 1613 2641 Homer.
1644 2580 1681 2641 11.
1713 2584 1762 2644 15.
1794 2583 1967 2642 adhortatur
1987 2581 2156 2658 Troianos,
2199 2593 2235 2644 ut

203 2666 264 2726 Die
285 2665 476 2727 Pentecostes
498 2667 629 2743 precatio
647 2665 767 2744 Lipsiae
786 2667 897 2745 scripta
918 2667 990 2727 653.
1283 2683 1337 2741 pro
1358 2666 1454 2742 patria
1474 2666 1613 2726 dimicent
1636 2668 1708 2730 666.

204 2753 342 2812 Precatio
364 2753 402 2811 ad
424 2770 556 2811 mensam
579 2754 651 2814 653.
1239 2748 1352 2810 Ροὶ1166
1373 2750 1496 2830 Tyrtaei
1516 2751 1609 2811 latino
1630 2755 1760 2813 carmine
1780 2754 1927 2814 redditum
1950 2755 2021 2817 667.

203 2839 252 2897 De
273 2855 366 2915 puero
387 2836 456 2896 Iesu
474 2837 592 2896 iacente
614 2838 646 2896 in
668 2836 827 2915 Praesepio
851 2838 923 2899 656.
1240 2836 1289 2896 Ex
1311 2838 1401 2895 veteri
1422 2836 1559 2914 poimate
1582 2839 1653 2901 667.

88 2910 97 2937 ”
203 2923 240 2983 111
262 2924 388 2983 Paulum
409 2924 516 3001 apost.
541 2924 613 2984 654.
1241 2922 1332 3001 Apud
1352 2924 1521 2982 Atheneum
1542 2919 1638 3005 γλα6ξ
1658 2926 1689 2987 ἐν
1710 2922 1806 3009 τάφῳ.
1841 2924 1889 2985 De
1910 2923 2059 3002 Sophocle
2080 2944 2158 2988 aene
2180 2928 2235 2988 ha·

203 3011 418 3070 Praemeditate
441 3009 620 3087 loquendum
642 3008 714 3070 654.
1284 3007 1371 3068 bente
1392 3009 1520 3069 vetulam
1543 3012 1615 3072 668.
1831 3039 1834 3043 ·

205 3095 242 3155 1n
264 3115 381 3156 carmen
403 3095 569 3154 Eberhardi
590 3094 768 3155 Lothnranni
791 3095 863 3155 654.
1240 3092 1289 3153 De
1309 3094 1410 3173 lyricis
1431 3094 1530 3174 poetis
1553 3098 1625 3158 668.

122 3237 125 3242 .
205 3184 247 3242 H.
270 3182 363 3241 Paulo
384 3181 484 3240 Ebero
505 3182 577 3242 655.
662 3206 666 3213 ·
1241 3180 1373 3258 Impetus
1394 3181 1528 3257 poeticus
1551 3200 1616 3242 esse
1635 3184 1713 3242 dona
1735 3181 1793 3241 Dei
1814 3184 1887 3244 668.

205 3270 256 3328 Ad
277 3268 405 3327 Paulum
426 3268 557 3327 Eborum
580 3267 652 3328 655.
1241 3266 1268 3324 E
1289 3283 1411 3349 graeco:
1434 3267 1518 3327 Haec
1540 3277 1585 3328 est
1604 3286 1638 3328 os
1658 3286 1696 3326 ex
1718 3269 1833 3328 ossibus
1854 3269 1929 3327 meis
1951 3268 2022 3331 669.

204 3355 368 3432 Epieedion
390 3353 520 3414 Nicolao
542 3352 650 3414 Caesio
673 3353 813 3432 scriptum
833 3352 905 3415 655.
1240 3351 1328 3411 Iocus
1348 3351 1480 3412 Nasonis
1500 3354 1532 3412 in
1553 3355 1751 3432 importunum
1770 3356 1875 3414 ianuae
1897 3354 2078 3433 pulsatorem
2095 3356 2177 3419 669.

204 3440 316 3501 Contra
338 3441 537 3500 curiositatem
559 3440 630 3501 655.
709 3468 717 3491 ι
992 3434 995 3438 “
1241 3437 1291 3497 Ex
1313 3436 1464 3498 Phocilide
1487 3439 1559 3502 669.

204 3526 253 3587 De
280 3527 448 3587 discrimine
473 3526 613 3586 historiae
633 3522 799 3598 Herodoti,
826 3523 1010 3603 Thucydidis
1037 3531 1068 3582 ct
1086 3519 1189 3583 Xeno·
1241 3523 1278 3582 In
1295 3523 1427 3584 Rhesum
1450 3526 1600 3603 Euripidis
1624 3528 1695 3588 670.

246 3614 366 3690 phontis
390 3612 463 3672 656.
1241 3609 1428 3670 Nazianzeni
1451 3630 1552 3671 versus
1573 3613 1645 3696 napi
1667 3610 1801 3692 otopyoiv
1824 3612 1896 3673 670.

203 3697 251 3758 De
272 3698 398 3757 utilitate
420 3697 556 3756 lectionis
578 3696 766 3755 historiarum
790 3696 861 3756 656.
1240 3694 1442 3774 Epigramma,
1454 3699 1564 3758 docens
1581 3700 1727 3774 quomodo
1740 3699 1868 3757 Romani
1879 3699 1956 3757 diem
1967 3706 2191 3780 transegerunt,
2204 3712 2235 3760 et

202 3783 312 3845 Comiti
353 3781 493 3842 1116116111
521 3781 704 3841 Werthemio
731 3783 892 3842 discedenti
920 3800 958 3842 ex
984 3781 1079 3844 head.
1107 3778 1189 3858 Lips.
1284 3801 1358 3860 quos
1375 3783 1490 3843 labores
1507 3802 1560 3843 sen
1577 3785 1697 3860 negotia
1713 3785 1927 3862 singulishoris
1938 3784 2138 3846 attribuerunt
2157 3787 2233 3848 671.

245 3875 448 3952 unanimem
472 3868 543 3929 656.
911 3888 913 3893 ’
1645 3921 1703 3980 Vl
1736 3921 1799 3980 XX

202 3956 403 4017 mroeanna
428 3954 604 4015 66116166
625 3955 737 4031 nuptiis
756 3955 886 4032 precatio
909 3955 982 4017 aar.
1674 3942 1714 3984 ⁰·
1803 3973 1809 3984 ·
1858 3964 1867 3981 ·

202 4044 250 4102 Ad
274 4044 407 4121 hospites
429 4040 673 4118 Hambnrgenses
697 4041 769 4103 657.
1241 4039 1374 4116 Philippi
1396 4040 1526 4117 pullisoli
1547 4042 1712 4101 duodennis
1731 4042 1803 4104 765.

202 4128 308 4188 loanni
330 4126 452 4188 Cratoni
474 4128 590 4186 tabulas
611 4127 785 4186 Protenieas
806 4128 923 4186 mittens
946 4126 1018 4188 658.
1240 4125 1277 4183 16
1299 4135 1422 4184 mortem
1444 4126 1547 4185 Bebeli
1571 4130 1587 4186 7
1593 4129 1643 4190 65.

164 4262 167 4267 .
201 4216 394 4294 Epitaphium
423 4213 506 4272 filioli
529 4213 712 4290 Wolffgangi
734 4211 914 4287 Diffsteteri,
936 4212 1083 4289 quondam
1105 4230 1189 4290 prae·
1241 4211 1317 4270 Iulio
1338 4211 1448 4289 Pflugk
1471 4214 1543 4274 767.

244 4303 313 4361 lecti
327 4303 412 4360 arcis
435 4300 600 4377 Witteberg
624 4300 697 4362 658.
1241 4296 1379 4377 Synodus
1400 4300 1498 4358 avium
1522 4299 1593 4360 767.

200 4385 337 4448 Disticha
360 4389 432 4450 658.
1228 4384 1371 4461 Ι16611166
1394 4387 1431 4445 66
1453 4385 1618 4444 Philomele
1641 4386 1712 4448 776.

201 4474 337 4534 Disticha
361 4476 432 4535 659.
1240 4471 1346 4550 Elegia
1366 4473 1403 4530 de
1424 4468 1570 4549 Staphylo
1595 4472 1666 4531 778.
