4718 6000
207 384 255 458 rt
732 448 743 455 .
865 390 1051 458 rnrnreer
1072 386 1392 488 amanuensis
1413 393 1574 462 orsas.

210 587 290 665 Aug.
356 589 385 646 5.
411 587 538 644 Advenit
557 585 730 644 Melanthon
752 584 951 661 Vitebergarn.

236 686 240 699 ·
327 674 376 732 14.
399 668 585 730 Camerarius
609 682 728 729 vocatur
748 669 891 748 Lipsiam.

327 762 376 819 18.
399 758 557 829 Henricns,
581 757 652 816 Durr
675 753 834 828 Senoniae,
857 759 988 816 moritur.
1061 804 1065 809 .

330 847 378 905 19.
402 842 509 904 Scribit
529 843 715 903 Melanthum
739 844 880 921 „instituo
902 854 1056 921 pertexere
1075 840 1112 905 sd
1135 841 1343 926 pscmlo‘ysau,
1366 846 1412 904 vel
1435 856 1567 906 ueterem
1590 848 1696 926 potins.
1742 848 1860 908 Abdere
1884 849 1962 908 enim
1984 865 2032 909 me
2053 851 2084 910 in
2105 851 2228 912 scholas

432 931 546 1008 cupio-²
1788 952 1791 957 ’

329 1018 381 1078 96.
402 1016 522 1094 Lipsiae
543 1024 596 1087 est,
620 1025 649 1072 et
670 1015 840 1075 Camerario
862 1016 963 1074 scribit
983 1016 1086 1075 laudes
1109 1016 1195 1075 huius
1217 1017 1298 1076 urbis
1319 1028 1348 1076 et
1369 1021 1547 1079 academiae.

397 1101 628 1162 concionatores
653 1102 881 1163 Brunsvicenses
905 1102 1043 1175 defendit,
1064 1105 1115 1180 qni
1136 1104 1167 1161 in
1189 1104 1380 1163 concionibus
1402 1105 1563 1166 Henricum
1586 1106 1700 1166 Ducem
1724 1106 1850 1167 Bruusv.
1871 1107 2091 1185 appellaverant
2116 1110 2228 1186 ,einen

431 1188 674 1246 Mordbreuner“.

206 1273 289 1354 Sept
346 1276 375 1336 9.
398 1274 556 1334 Theodoro
585 1274 698 1332 scribit:
731 1293 838 1332 novam
868 1274 1080 1351 praefationem
1109 1275 1209 1334 addidi
1235 1275 1308 1335 locis
1331 1278 1534 1338 communibus
1556 1279 1652 1351 editis,
1686 1279 1738 1338 sed
1764 1280 1790 1338 si
1814 1280 1910 1339 vivam
1933 1288 2028 1341 totum
2048 1280 2155 1341 librum
2178 1301 2229 1342 re·

431 1369 540 1419 texam.

207 1444 278 1507 Oct.
347 1449 375 1505 4.
399 1447 504 1504 Editus
526 1455 569 1504 est
592 1446 699 1504 Buccri
721 1445 795 1503 liber
816 1447 852 1504 dc
875 1447 1022 1522 colloquio
1045 1446 1159 1505 Ratisb.

345 1534 375 1592 8.
398 1532 549 1591 Prodeunt
571 1532 768 1590 Melanthouis
791 1542 857 1590 acta
880 1533 1019 1610 colloquii
1042 1533 1155 1594 Ratisb.

207 1624 213 1632 “
322 1617 371 1677 93.
396 1616 520 1677 Carolus
541 1615 708 1695 Imperator
731 1619 886 1695 Argieram
908 1619 1028 1697 appulit.

321 1704 372 1763 96.
394 1703 581 1764 Camerarius
603 1705 685 1762 venit
704 1702 845 1780 Lipsiam.

205 1790 285 1852 Nor.
343 1793 370 1850 l.
394 1789 462 1849 Mel.
487 1800 516 1848 et
536 1790 586 1848 ulii
607 1790 738 1866 theologi
758 1792 931 1848 sententiam
954 1792 1182 1868 scribunt1,bcn
1202 1788 1279 1866 &titt
1297 1794 1352 1854 urb
1372 1789 1533 1866 Cuptttlrr⁴.

347 1874 376 1934 9.
399 1876 525 1934 Enarrat
548 1875 708 1934 Ptolemaei
730 1872 863 1954 μεγάλην
880 1873 1029 1953 σόνταξιν.

345 1963 375 2022 5.
398 1963 568 2021 Accersitns
591 1963 785 2039 proficiscitur
806 1963 837 2021 in
859 1963 956 2021 aulam
977 1964 1009 2022 in
1033 1981 1123 2022 causa
1144 1964 1331 2041 episcopatus
1353 1963 1617 2040 Naumburgensis.

344 2048 373 2109 9.
395 2049 514 2125 Targae
536 2067 619 2107 suum
641 2048 742 2107 scribit
763 2050 937 2107 sententiam
960 2050 997 2107 da
1020 2049 1154 2126 eligendo
1175 2049 1439 2126 inaugurandoque
1461 2050 1611 2129 Episcopo
1633 2048 1879 2129 Naumburgeusi.

396 2131 573 2194 Sidemanno
595 2135 777 2212 scribitque
800 2135 887 2194 modo
910 2144 1012 2195 orator
1032 2137 1064 2195 in
1087 2136 1222 2194 Ecclesia
1243 2135 1349 2194 debeat
1371 2151 1437 2194 esse
1458 2136 1652 2214 comparatus.

207 2219 279 2283 Dec.
327 2223 376 2281 ll.
398 2219 524 2280 Familia
546 2216 710 2279 Camerarii
732 2222 810 2279 venit
826 2220 969 2298 Lipsiam.

221 2336 224 2341 ¹
323 2305 590 2367 recolendam
614 2308 737 2365 moritur
758 2304 904 2368 Basileae.

396 2391 496 2471 Opera
517 2393 715 2453 Melantbunis
737 2393 873 2452 Busileae
895 2415 913 2451 a
933 2392 1085 2471 Hervagio
1107 2411 1224 2452 excusa.

395 2479 533 2539 Exeuute
554 2498 633 2538 anno
654 2479 802 2557 praefatur
824 2480 994 2539 Melanthon
1016 2481 1047 2539 in
1065 2483 1144 2538 Acta
1165 2477 1340 2540 Conventus
1360 2479 1514 2539 Ratisbon.

1049 2733 1207 2798 ANNO
1249 2734 1375 2798 1549.

203 2906 268 2969 idn.
342 2910 371 2970 8.
394 2908 534 2984 Queritur
557 2909 593 2967 de
614 2909 763 2969 discordia
784 2920 814 2968 et
834 2910 955 2988 ignavia
976 2909 1148 2989 Principum
1171 2910 1406 2972 Protestantium.
1508 2971 1515 2983 ,

261 3022 264 3026 ·
323 2996 372 3056 19.
393 2995 483 3054 Edita
505 3003 574 3055 sunt
595 3005 662 3055 acts
684 3006 845 3056 conventus
867 2995 1101 3056 Ratisboneusis.

394 3081 598 3160 landgravius
621 3081 749 3141 Hassiae
772 3084 889 3142 miserat
911 3080 1043 3143 Lathon
1066 3091 1095 3141 et
1115 3083 1298 3142 Melanthoni
1320 3083 1427 3141 librum
1448 3080 1607 3141 Hnldarici
1629 3081 1760 3142 Neobuli
1782 3081 1915 3159 (Martini
1936 3083 2058 3161 Bucari)
2081 3085 2117 3144 ds
2140 3086 2229 3167 biga·

429 3169 499 3240 mia,
522 3188 581 3245 quo
603 3167 774 3227 Melanthon
797 3170 971 3228 sententiam
991 3188 1075 3229 suam
1097 3169 1207 3230 scribit.

397 3254 552 3333 Myconius
573 3255 736 3331 periculose
758 3264 899 3334 aegrotat.

209 3344 212 3353 '
322 3342 369 3400 15.
392 3339 553 3419 Receditur
574 3338 696 3420 Lipsiae
718 3341 918 3402 Melanthunis
942 3343 1088 3403 enarratio
1109 3341 1253 3402 Danielis.

204 3424 293 3487 Febr.
341 3458 356 3474 ι·
393 3422 522 3485 Comitia
541 3424 701 3504 Spirensis.
1075 3420 1081 3426 ’

342 3514 371 3572 3.
394 3510 579 3590 Congressus
601 3511 720 3572 Saturni
743 3523 773 3572 et
794 3514 896 3573 Martis
918 3515 948 3571 in
970 3510 1103 3592 Scorpio.
1134 3550 1172 3560 -
1203 3513 1370 3573 Iouchimus
1399 3512 1531 3572 Marchio
1558 3511 1743 3573 Melanthoni
1770 3521 1924 3573 succenset
1953 3522 2074 3593 propter
2101 3516 2226 3593 praeta·

428 3601 523 3658 tiones
542 3600 574 3656 in
596 3608 662 3658 acta
684 3599 822 3676 colloquii
843 3599 958 3658 Ratisb.

341 3687 370 3745 9.
393 3682 563 3743 Conventus
584 3687 718 3745 ordinum
741 3683 856 3762 Spirae,
878 3687 928 3761 qui
949 3687 1037 3744 finer'n
1058 3686 1161 3744 habuit
1181 3687 1209 3747 d.
1232 3689 1280 3745 11.
1303 3685 1426 3762 Aprilis.
1499 3716 1502 3721 >

322 3773 371 3830 11.
396 3771 577 3831 Melantboui
599 3773 752 3830 mandatur
772 3791 791 3829 a
812 3771 949 3848 Principe
972 3771 1075 3844 Elect,
1098 3781 1130 3831 ut
1150 3791 1182 3831 ss
1200 3771 1333 3851 Lipsiam
1357 3770 1487 3830 conferat
1508 3772 1546 3829 ad
1568 3771 1786 3830 instaurandam
1810 3773 2009 3833 Academiam.

323 3860 371 3916 18.
393 3857 470 3915 Ludi
499 3858 691 3935 prohibentur
718 3859 755 3917 ab
788 3859 949 3918 Academia
978 3859 1074 3917 Viteb.
1101 3867 1221 3936 propter
1245 3857 1430 3917 imminentis
1456 3858 1601 3916 aancis
1624 3858 1768 3935 pericula,
1798 3866 1828 3917 et
1846 3859 1970 3919 studiosi
1992 3859 2163 3933 hortantur,
2187 3871 2225 3922 ut

428 3962 525 4003 mores
547 3945 711 4006 emendent.
1629 3970 1631 3974 ⁸

203 4028 378 4092 Martmed.
398 4027 568 4090 Camerario
585 4032 696 4104 scribit,
719 4051 806 4109 qnam
829 4050 931 4109 parum
952 4032 1016 4108 spei
1037 4031 1145 4090 habeat
1161 4032 1199 4089 de
1220 4031 1352 4090 consiliis
1373 4038 1402 4088 et
1424 4029 1529 4089 endiis
1547 4030 1716 4108 Principum
1736 4030 1975 4089 Protestantium.
2282 4066 2287 4074 ι

317 4114 368 4175 96.
390 4114 539 4176 lantherus
561 4118 598 4175 ad
622 4117 759 4177 Iacobum
781 4117 953 4176 Probestam
974 4119 1066 4194 (apud
1085 4119 1121 4177 de
1139 4117 1231 4177 Wett.
1249 4116 1285 4176 T.
1304 4117 1340 4175 V.
1360 4137 1389 4192 p.
1409 4118 1496 4191 459.)
1519 4118 1606 4176 haec:
1637 4115 1801 4190 ,Dominus
1824 4114 1979 4194 Philippus
2001 4134 2090 4176 sanus
2114 4126 2145 4176 et
2167 4136 2225 4179 va·

427 4204 500 4278 lens,
523 4205 575 4263 sed
597 4223 672 4263 unus
695 4204 825 4263 omnium
848 4202 1094 4262 laboriosissimus
1117 4204 1215 4278 Atlas,
1237 4212 1405 4263 sustentans
1428 4203 1540 4261 coelum
1564 4212 1593 4261 et
1614 4207 1752 4265 terram.“

201 4287 298 4368 April
395 4289 605 4350 Controversia
626 4291 703 4349 inter
724 4288 839 4349 Ducem
857 4289 1024 4348 Mauritium
1047 4298 1076 4348 et
1097 4290 1264 4368 Principem
1286 4289 1452 4349 Electorem
1472 4290 1509 4348 de
1529 4289 1638 4367 oppido
1661 4288 1813 4349 Wartzen.

340 4379 371 4436 4.
393 4377 462 4435 Mel.
485 4377 522 4434 ad
544 4376 749 4435 Theodorum:
779 4372 1068 4450 ,Schwenclrfeldius
1095 4377 1215 4455 longum
1238 4377 1374 4436 volumen
1398 4386 1500 4434 uonna
1520 4395 1568 4434 mc
1589 4375 1721 4452 scripsit,
1747 4375 1825 4452 qnod
1847 4392 1913 4433 cum
1934 4375 2131 4453 responsione
2152 4396 2228 4438 msa
2291 4368 2309 4387 ‘

426 4462 509 4522 vobis
530 4462 672 4522 missurus
693 4466 786 4521 0000.α
826 4528 829 4533 ,

340 4550 369 4609 5.
390 4548 531 4627 Philippo
553 4547 741 4626 landgravio
763 4547 863 4608 scribit
882 4549 919 4606 de
942 4548 1079 4627 bigamia.

338 4637 366 4695 7.
391 4636 481 4694 Mittit
501 4631 672 4694 Camerario
694 4635 836 4713 Epicadis
854 4634 969 4692 Ecbani
990 4635 1091 4708 Bessi,
1109 4631 1182 4694 Sim.
1207 4632 1340 4713 Grynaei
1361 4645 1391 4692 et
1410 4632 1498 4692 Fabr.
1522 4632 1685 4709 Capitonis.

319 4722 368 4780 10.
391 4718 601 4781 Controversia
620 4723 657 4780 de
679 4722 789 4799 oppido
807 4718 950 4778 Wurtzen
969 4721 1152 4799 componitur
1175 4716 1335 4781 Grimrnsc.

320 4810 368 4867 ll.
391 4807 548 4866 Fininnmr
569 4809 688 4868 comitia
709 4806 867 4885 Spirensia

319 4895 367 4954 13.
390 4894 516 4953 Ioannes
536 4895 710 4954 Matthesius
733 4904 852 4952 vocatur
874 4894 904 4951 in
929 4892 1034 4951 vallem
1056 4891 1274 4966 loschimicsm,
1297 4903 1329 4952 ut
1345 4892 1386 4950 ibi
1408 4893 1513 4950 doceat
1530 4891 1733 4968 Evangelium.

317 4980 368 5043 20.
392 4977 547 5060 Spalatino
565 4981 676 5053 scribit,
698 4980 793 5057 patrui
816 4978 931 5038 vidium
954 4979 984 5036 in
1008 4979 1195 5037 matrimonio
1216 4978 1323 5038 habere
1344 4997 1466 5057 prorsus
1488 4995 1553 5036 esse
1573 4977 1718 5037 illicitum.

200 5065 272 5129 ilai.
319 5071 368 5128 11.
391 5068 483 5126 hlittit
504 5062 674 5124 Camerariu
697 5066 847 5125 Psalmum
872 5065 1103 5141 ,confitemini“.

318 5156 366 5214 15.
389 5153 548 5231 Philippus
568 5150 700 5230 Landgr.
724 5153 802 5210 venit
822 5151 1020 5230 Vitebergsm,
1043 5149 1263 5228 colloquaturus
1285 5168 1351 5210 cum
1373 5150 1570 5222 Melanthone.

322 5241 368 5299 18.
394 5238 568 5298 Gratulatur
590 5239 741 5297 loachimo
763 5236 938 5312 Marchioni,
961 5238 1030 5297 duci
1052 5239 1198 5297 exercitus
1216 5234 1434 5297 Germanorum
1455 5238 1595 5296 adversas
1615 5236 1738 5295 Turcas.

317 5327 367 5386 99.
386 5326 476 5386 Bulla
498 5325 598 5403 Papae
620 5324 760 5384 indicitur
780 5318 945 5384 Concilium
966 5323 1170 5384 'lhideutiuum
1192 5324 1223 5389 d.
1247 5325 1299 5385 ³1.
1322 5319 1387 5383 Oct.
1411 5323 1586 5384 habendum.
