4718 6000
814 400 1002 469 Pnfflcrr
1028 399 1346 472 manumortis
1373 398 1535 469 OPERA.
2134 398 2181 475 bi

396 613 465 657 raro
487 595 622 655 homines
642 592 824 692 peregrinos,
845 609 920 670 quos
941 592 988 651 vel
1009 592 1101 651 semel
1121 593 1251 667 uiderat,
1273 593 1305 651 in
1326 592 1459 652 intimam
1479 591 1577 651 statim
1599 591 1748 670 recepisse
1768 589 2012 663 iemilisritatem,
2041 609 2094 652 eos
2115 590 2181 651 ubi·

397 694 456 761 qne
472 677 730 750 commendasse,
720 681 816 753 risque
837 686 867 737 et
888 696 989 737 eoram
1009 676 1128 737 familiis
1148 679 1229 738 omni
1250 679 1336 738 modo
1357 678 1536 751 subvenisse,
1559 686 1592 736 nt
1610 675 1959 755 Dryandro,1.augneto,
1981 675 2181 752 lo.a11aslro,

397 765 639 841 Hardanbergio‚
660 762 824 841 Lsngaeis,
847 758 1016 822 cranmere.
1060 762 1172 823 Nescio
1199 782 1239 823 sn
1268 763 1412 823 eiusmodi
1432 762 1614 822 familiaritas
1635 763 1723 822 unice
1745 772 1849 822 exorta
1869 763 1909 822 sit
1929 763 1977 821 val
2004 780 2043 821 ex
2065 764 2181 823 virtuti·

396 851 453 911 bus
474 851 577 909 horum
598 849 750 908 hominnm
772 849 820 908 vel
841 868 879 908 ex
896 848 975 907 fama
996 856 1027 906 et
1048 848 1181 907 doctrina
1201 848 1408 910 Melanthonis.

440 934 567 1010 Quidam
589 933 839 996 cementariorum
860 935 954 994 nostri
973 933 1040 993 sevi
1059 933 1200 1010 scriptum
1217 932 1289 993 illud
1312 933 1488 995 coloniense
1510 941 1669 1011 propterea
1695 941 1849 1009 suspectae
1872 933 1942 992 11331
1968 951 2033 993 esse
2058 942 2180 993 conten·

395 1022 512 1093 derunt,
529 1021 610 1097 qnod
631 1021 755 1092 mansio,
779 1038 854 1097 quae
876 1019 1003 1078 Eboraci
1025 1017 1140 1095 (Yorls)
1160 1019 1226 1093 luit,
1247 1038 1307 1079 nou
1330 1027 1583 1092 commemoretur,
1604 1036 1694 1096 qaum
1716 1018 1783 1078 libri
1804 1014 2056 1078 cementariorum
2077 1037 2182 1078 recen·

397 1107 488 1167 tiores
514 1107 678 1178 affirment,
704 1106 887 1165 mensionem
913 1104 1130 1164 Eborscensem
1157 1122 1222 1164 esse
1248 1105 1481 1182 antiquissimam
1508 1113 1538 1162 et
1563 1110 1684 1163 matrem
1720 1105 1849 1163 omnlum
1876 1103 2010 1164 alierum.
2054 1109 2097 1163 At
2121 1105 2181 1164 hoo

395 1192 484 1251 fidem
505 1193 607 1271 scripti
628 1191 708 1251 illins
728 1192 829 1268 potius
849 1199 1017 1268 propugnat
1034 1207 1122 1267 quam
1143 1190 1286 1267 inhingit
1330 1188 1363 1250 Si
1385 1191 1462 1249 enim
1483 1190 1583 1249 tictum
1606 1190 1741 1249 essetab
1761 1191 1920 1267 impostore
1937 1189 2029 1249 333311
2050 1188 2181 1264 xv11L,

395 1278 447 1337 ille
468 1278 546 1336 haud
567 1277 655 1337 dubie
676 1276 857 1335 mansionem
874 1275 1102 1348 Eboraceusem',
1124 1275 1233 1352 quippe
1254 1277 1497 1351 antiquissimam,
1519 1275 1607 1333 etiam
1627 1276 1845 1352 adscripsisset,
1873 1274 1920 1333 vel
1949 1276 2024 1335 adeo
2051 1293 2181 1334 couven-

396 1372 458 1421 tum
480 1382 541 1425 non
569 1361 714 1423 coloniae
741 1362 795 1420 sed
821 1361 949 1420 Eboraci
976 1361 1109 1423 habitum
1137 1377 1203 1419 esse
1229 1361 1380 1431 tinxisset,
1408 1369 1441 1421 nt
1467 1380 1583 1420 omnem
1609 1361 1755 1420 mendacii
1781 1361 1979 1439 suspicionem
2005 1367 2181 1420 removeret.

397 1447 496 1522 Quum
518 1456 615 1507 autem
637 1448 803 1506 Eboracum
824 1445 914 1524 plane
932 1463 992 1504 nou
1010 1453 1262 1519 commemoretur,
1280 1447 1437 1506 verisimile
1454 1448 1497 1520 lit,
1514 1454 1664 1506 auctorem
1680 1447 1782 1526 scripti
1798 1447 1990 1506 recentiorem
2008 1446 2180 1524 opinionem

396 1534 434 1592 de
455 1534 629 1611 antiquitate
651 1533 813 1592 mansionis
834 1530 1032 1590 Eboracensis
1051 1548 1112 1590 non
1134 1531 1318 1608 cognovisse
1635 1562 1637 1566 ·

439 1615 575 1695 Denique
598 1626 709 1691 antem,
731 1636 770 1675 ne
790 1617 861 1693 qnid
881 1627 980 1692 tegere
1001 1616 1077 1674 velle
1098 1616 1211 1689 videar,
1233 1617 1311 1694 qnod
1332 1617 1503 1690 invenerim,
1525 1617 1680 1677 dicendum
1695 1616 1768 1676 mihi
1787 1626 1832 1676 est
1848 1617 1884 1675 33
1894 1616 1998 1676 itinero
2013 1617 2179 1695 legatorum

395 1706 636 1780 Augustanorum
658 1721 759 1761 mense
781 1703 867 1760 lunio
889 1709 919 1759 et
939 1701 1015 1760 lulio
1037 1700 1124 1759 huius
1144 1703 1222 1759 anni
1265 1701 1326 1760 Res
1347 1703 1390 1761 ita
1410 1721 1443 1763 se
1464 1703 1561 1763 babet.
1602 1700 1728 1762 Senatum
1751 1706 1941 1780 Augustanus
1962 1702 2078 1782 legatos
2099 1722 2180 1764 auno

400 1790 491 1848 1535.
509 1791 589 1850 misit
610 1788 808 1865 Vitebergam,
828 1784 1038 1866 Geryonem
1059 1783 1257 1863 Scylerum
1279 1796 1309 1846 31
1329 1784 1438 1867 cnsp.
1460 1786 1722 1863 Huberum,'ut
1742 1806 1809 1847 eum
1836 1787 1966 1848 Luthero
1993 1797 2115 1866 agerent
2141 1790 2181 1848 de

396 1873 496 1934 litibus
518 1876 555 1934 33
576 1893 660 1934 sacra
681 1892 783 1942 coena,
805 1873 959 1949 Augustae
980 1873 1070 1944 ortis,
1092 1873 1272 1934 dirimendis.
1318 1873 1453 1952 Digressi
1482 1884 1550 1935 sunt
1570 1877 1708 1952 Augusta
1728 1873 1948 1933 vindelicorum
1970 1875 1998 1935 3.
2023 1875 2072 1932 31.
2098 1872 2181 1935 lunii

399 1960 496 2033 1535,
527 1971 556 2020 et
577 1961 703 2036 primum
732 1958 844 2035 aliquot
871 1959 935 2016 dies
963 1958 1135 2018 commorati
1160 1967 1229 2018 suut
1256 1957 1476 2039 Noriubergae,
1499 1960 1548 2020 abi
1575 1979 1630 2037 per
1657 1958 1805 2021 Wencesl.
1832 1957 1990 2019 Liuckium
2017 1958 2180 2020 Lutherum

395 2046 549 2105 certiorem
569 2046 700 2104 fecerunt
727 2045 764 2103 de
791 2060 845 2102 suo
872 2044 1000 2102 adventu
1024 2053 1055 2102 et
1083 2042 1217 2104 consilio.
1261 2042 1323 2121 Ipsi
1349 2045 1455 2105 deinde
1483 2047 1631 2123 progressi
1657 2054 1801 2104 venerant
1831 2045 2020 2124 Vitebergam
2046 2055 2181 2124 tempore

395 2133 573 2209 vespertino,
595 2132 751 2207 statimque
773 2129 910 2187 adierunt
930 2128 1158 2201 Melanthum,
1181 2129 1233 2205 qui
1250 2146 1301 2189 eos
1322 2139 1440 2207 postero
1462 2133 1510 2191 die
1532 2133 1618 2190 manc
1638 2131 1724 2190 duxit
1744 2132 1784 2190 ad
1807 2130 1978 2191 liutherum.
2022 2129 2098 2192 cnm
2120 2150 2181 2208 quc

394 2215 483 2293 legati
504 2227 661 2294 postquem
682 2215 843 2293 colloquuti
861 2213 987 2287 ineram,
1009 2213 1133 2292 profecti
1149 2224 1219 2273 sunt
1245 2213 1453 2294 Luneburgnm
1479 2219 1517 2277 33
1541 2217 1738 2277 Ernestum
1758 2214 1889 2290 Ducem,
1917 2236 2005 2296 quem
2029 2225 2182 2295 rogarent,

393 2309 426 2360 ut
447 2301 600 2361 Urbanum
621 2302 764 2382 Regium,
786 2300 958 2376 theologum
977 2318 1078 2374 snum,
1100 2301 1266 2375 Augustam
1284 2319 1349 2359 cum
1369 2303 1444 2380 ipsis
1472 2303 1558 2378 chire
1578 2309 1738 2380 pateretur.
1782 2301 1843 2363 Sed
1869 2322 1904 2362 re
1931 2304 2056 2377 inlecta,
2085 2322 2181 2380 quan·

394 2405 481 2463 quam
503 2389 568 2466 ipse
589 2386 738 2446 Lutherus
759 2387 798 2445 33
819 2384 934 2444 Ducem
956 2386 1129 2463 scripserat,
1151 2386 1302 2444 redierunt
1331 2386 1535 2466 Vitebergam,
1565 2387 1615 2448 nbi
1636 2388 1674 2447 iis
1695 2408 1715 2447 a
1733 2387 1865 2448 Lnthero
1891 2390 2110 2448 commendatus
2133 2397 2182 2449 est

393 2469 521 2530 Ioannes
543 2471 757 2546 Forsterus,
784 2471 938 2530 Diacouus
960 2470 1187 2548 Vitebergensis.
1231 2468 1353 2532 Litteris
1375 2475 1413 2533 ad
1440 2471 1583 2536 Senatum
1615 2483 1645 2532 et
1673 2473 1843 2552 Theologos
1865 2475 2055 2552 Augustanos
2077 2473 2181 2534 313-

392 2556 494 2627 thero,
516 2557 1020 2623 11313113333113333319.
1043 2565 1073 2614 et
1095 2555 1145 2615 30.
1167 2554 1238 2614 13111
1260 2558 1403 2635 acceptis,
1431 2561 1599 2637 Augustam
1623 2560 1787 2632 redierunt,
1815 2577 1875 2636 quo
1904 2562 1991 2619 etiam
2019 2558 2180 2622 Fcrsterus

392 2660 425 2702 se
446 2643 580 2717 contulit,
602 2645 654 2720 qui
675 2654 773 2703 tamen
792 2644 835 2703 ibi
855 2663 917 2702 non
940 2641 1117 2721 concordiae
1138 2643 1264 2714 studuit,
1285 2643 1339 2702 sed
1359 2663 1430 2704 mox
1453 2646 1595 2705 excitavit
1615 2652 1698 2704 tante
1716 2646 1847 2719 dissidia,
1869 2655 1902 2704 ut
1919 2647 2105 2706 33331538.
2122 2648 2179 2707 ite-

391 2747 457 2788 rum
479 2747 498 2788 a
518 2727 628 2790 Senatu
648 2730 852 2789 dimitteretur.
873 2763 917 2774 --
938 2726 1060 2804 Duplex
1079 2728 1209 2787 narratio
1231 2729 1321 2787 totius
1345 2732 1457 2807 negotii
1482 2732 1613 2791 nondum
1637 2731 1730 2804 edita,
1760 2732 1812 2791 sed
1841 2731 1967 2809 scripta,
1994 2731 2117 2791 habetur
2144 2733 2179 2792 in

392 2810 467 2874 cod.
490 2810 582 2875 Goth
606 2816 641 2875 91
666 2817 698 2873 13
719 2815 808 2887 13113,
829 2814 923 2874 altera
943 2832 963 2873 a
983 2811 1096 2874 Senatu
1117 2816 1294 2890 Augustauo
1315 2815 1363 2873 vel
1384 2834 1403 2873 a
1428 2815 1695 2877 concionatoribus
1716 2818 1912 2894 Augustanis,
1935 2816 2028 2876 altera
2055 2836 2074 2877 a
2101 2817 2179 2878 Fer·

392 2908 471 2959 stero
490 2900 557 2977 ipso
578 2900 609 2959 in
632 2901 678 2960 sui
697 2900 897 2959 defensionem
916 2899 1027 2976 scripta
1046 2917 1126 2958 anno
1151 2899 1241 2958 1539.
1284 2897 1320 2958 Iu
1348 2901 1440 2978 priori
1467 2903 1651 2976 narratione,
1678 2919 1755 2979 quae
1780 2904 1890 2981 ubique
1917 2903 1976 2961 ilde
2004 2902 2180 2980 dignissima

393 3002 459 3045 esse
479 2986 603 3059 videtur,
621 3005 682 3047 uon
704 2987 819 3059 dicitnr,
840 3004 898 3062 quo
920 2985 968 3045 313
989 2984 1080 3061 133311
1106 2983 1296 3062 Vitobergam
1317 2988 1466 3061 venerint,
1488 2986 1650 3048 Latherum
1668 2988 1794 3061 adierint
1816 2996 1846 3047 et
1865 2987 2074 3066 Lunebnrgnm
2096 2990 2180 3051 abie-

391 3070 466 3141 rint;
486 3069 518 3129 in
539 3071 632 3131 altera
649 3080 758 3146 autem,
779 3070 919 3146 Sorsteai,
940 3071 1109 3129 narratione
1131 3068 1222 3149 legati
1243 3071 1379 3131 dicuntur
1403 3073 1432 3132 3.
1458 3077 1485 3133 1.
1507 3072 1577 3134 13111
1605 3074 1794 3152 Vitebergam
1817 3074 1933 3133 venisse
1955 3085 1985 3134 et
2011 3074 2178 3136 Melantho-

390 3173 459 3214 uem
477 3158 596 3217 adiisse.
640 3157 740 3218 Dubio
759 3167 857 3218 autem
871 3159 931 3216 uix
952 3166 1048 3230 caret,
1076 3155 1246 3215 Forstsrum
1274 3157 1349 3216 haec
1376 3176 1415 3220 ex
1438 3161 1581 3220 memoria
1609 3160 1764 3238 scripsisse
1792 3169 1822 3218 et
1845 3178 1974 3232 333333,
2001 3161 2080 3237 3333
2108 3170 2180 3238 post

391 3252 516 3320 quatuor
537 3262 632 3303 annos
651 3243 738 3304 facile
759 3245 824 3303 lieri
844 3244 950 3325 potuit.
995 3241 1126 3302 Primum
1147 3242 1236 3316 enim,
1255 3259 1344 3319 quum
1371 3243 1462 3322 legati
1485 3245 1672 3305 advenissent
1698 3245 1735 3303 33
1764 3245 1904 3305 Forstero
1931 3246 2073 3304 mittendo
2101 3264 2180 3305 non·

390 3329 461 3388 dum
482 3331 642 3406 cogitatum
663 3340 722 3404 est,
745 3331 797 3389 sed
816 3338 935 3408 postea,
950 3347 1047 3405 ⁴quant
1068 3326 1209 3388 Urbanus
1231 3327 1344 3406 Regius
1370 3329 1475 3407 legatis
1501 3332 1662 3408 denegatus
1691 3330 1810 3389 fuerat·
1839 3331 1934 3390 Porro
1960 3329 2117 3391 Forsterus
2145 3341 2180 3391 et

392 3414 425 3473 iu
447 3414 515 3474 aliis
532 3416 674 3499 memoria
694 3415 902 3494 ralde‘lapsus
924 3424 979 3487 est,
1001 3424 1039 3485 et,
1053 3414 1180 3491 scripsit,
1200 3411 1354 3491 Scylerum
1375 3433 1441 3475 cum
1463 3416 1529 3493 ipso
1551 3418 1647 3493 egisse
1667 3417 1695 3476 d.
1718 3414 1768 3475 33.
1792 3413 1886 3485 13311,
1914 3434 2003 3493 quum
2024 3424 2121 3475 13333
2143 3419 2180 3478 13

393 3518 454 3559 333
483 3501 540 3560 3131
562 3502 591 3560 3.
618 3501 669 3560 37.
699 3501 746 3560 vel
769 3502 821 3560 30.
842 3500 911 3560 13111
927 3500 992 3559 deri
1018 3500 1154 3576 potuerit.
1200 3499 1345 3559 Videntur
1370 3503 1471 3578 potius
1500 3503 1590 3578 legati
1617 3502 1646 3560 d.
1676 3503 1705 3562 9.
1735 3502 1783 3560 val
1814 3503 1862 3560 10.
1890 3501 1960 3560 13111
1985 3502 2179 3580 Vitebergem

394 3586 519 3645 venisse.
563 3583 684 3645 certum
704 3594 758 3659 est,
778 3605 829 3645 eos
850 3589 1015 3663 Augustam
1037 3584 1192 3661 reliquisse
1214 3585 1243 3643 3.
1266 3587 1317 3646 31.
1337 3583 1425 3646 13311.
1469 3586 1563 3647 Ν3113
1584 3587 1673 3665 igitur
1695 3587 1783 3646 modo
1804 3596 1873 3645 ante
1895 3587 1924 3646 3.
1948 3588 1998 3647 33.
2021 3587 2087 3647 lun.
2110 3586 2179 3648 No-

394 3670 561 3748 riubergam
584 3673 683 3731 venire
704 3679 871 3749 potuerunt.
905 3669 1024 3730 certum
1047 3678 1101 3743 est,
1121 3670 1190 3730 illos
1211 3669 1415 3749 Noriubergae
1435 3673 1548 3750 aliquot
1568 3674 1631 3732 dies
1649 3673 1833 3745 consedisse,
1853 3673 1923 3749 quia
1943 3692 1996 3751 per
2014 3673 2179 3734 Liuckium

393 3753 518 3816 Latheri
540 3760 680 3831 animum,
701 3759 784 3835 prius
807 3777 894 3835 3333
915 3758 1097 3828 advenirent,
1118 3755 1277 3834 propitium
1299 3757 1355 3816 sihi
1375 3758 1473 3817 facere
1494 3758 1639 3820 volebant.
1684 3759 1759 3818 Tres
1775 3759 1865 3837 igitur
1891 3759 1954 3817 dies
1979 3760 2058 3817 haud
2085 3759 2180 3820 dubie

394 3843 603 3917 substiterunt,
632 3844 677 3902 rel
704 3844 792 3902 etiam
821 3852 954 3921 quatuor.
998 3842 1144 3902 Abierant
1164 3842 1254 3920 igitur
1275 3843 1304 3900 3.
1327 3842 1379 3902 36.
1402 3844 1449 3902 vel
1472 3845 1523 3903 37.
1545 3844 1633 3906 13311.
1677 3842 1775 3918 Quum
1798 3851 1896 3902 antem
1921 3842 2112 3923 Noriuberge
2131 3847 2181 3904 di-

393 3929 489 4006 gressi
509 3948 569 3988 non
592 3938 660 3987 ante
681 3931 813 4007 quintum
836 3929 884 3989 vel
905 3930 981 3987 3333
1003 3937 1120 3988 sextum
1141 3928 1218 3987 diem
1240 3928 1426 4006 Vitebergam
1445 3930 1544 3988 venire
1564 3931 1722 4007 potuerint,
1743 3930 1928 3988 statuendum
1951 3939 2010 4002 est,
2035 3949 2086 3991 eos
2105 3941 2182 3991 ante

393 4014 1043 4093 3313131311191138333333333333
1065 4014 1206 4091 potuisse.
1252 4015 1418 4074 Verisimile
1443 4025 1541 4074 autem
1563 4025 1624 4089 est,
1646 4034 1697 4074 eos
1718 4016 1834 4074 demum
1858 4016 1886 4074 d.
1912 4018 1940 4076 9.
1964 4015 2032 4073 Iulii
2057 4033 2181 4093 vesper-

393 4101 456 4159 tino
479 4109 610 4200 tempore
630 4102 795 4173 advenisse,
817 4121 906 4179 quum
929 4119 1026 4178 neque
1049 4098 1197 4161 botherus
1222 4101 1254 4159 13
1280 4118 1325 4176 ep.
1355 4101 1393 4159 33
1421 4101 1589 4178 Principem
1616 4102 1782 4161 Electorem
1812 4101 1840 4162 d
1862 4103 1890 4161 3.
1915 4103 1944 4160 9.
1969 4100 2053 4175 Iulii,
2079 4119 2185 4180 neque

393 4185 597 4245 Melanthea
588 4206 619 4245 m
641 4207 686 4263 ep.
710 4188 748 4245 ad
770 4145 923 4246 cameram
946 4188 1027 4248 (17.
1050 4186 1118 4244 13111
1140 4186 1230 4245 31133
1247 4186 1334 4245 huius
1354 4186 1511 4263 legationis
1532 4189 1710 4246 mentionem
1732 4186 1863 4245 iecerint.
1907 4187 1968 4246 Res
1989 4187 2114 4246 fortasse
2137 4189 2181 4249 33

394 4271 537 4349 liquidum
564 4273 686 4350 perduci
711 4281 828 4350 posset,
850 4274 877 4333 si
902 4273 1168 4349 3313333333133
1197 4280 1276 4332 33331
1302 4271 1427 4348 epistola
1453 4270 1576 4331 Lutheri
1605 4274 1642 4332 ad
1670 4273 1827 4331 Ernestum
1857 4272 1969 4332 Ducem
1992 4271 2186 4351 Luueburg,

394 4375 483 4435 quam
505 4357 609 4434 legatis
627 4360 808 4434 Augustanis
829 4359 918 4417 dedit
962 4359 1123 4418 Rediernut
1143 4358 1233 4436 legati
1260 4357 1298 4417 ab
1324 4357 1450 4417 Ernesto
1478 4356 1563 4417 Duce
1590 4359 1651 4417 iere
1676 4359 1706 4418 3.
1738 4360 1787 4418 19.
1813 4358 1883 4431 131,
1917 4378 2006 4436 qnam
2032 4359 2181 4437 epistolae

286 4439 288 4442 ’
393 4442 517 4503 Lutheri
539 4453 567 4501 et
588 4443 657 4502 1131.
665 4444 801 4521 ,1333113
821 4445 963 4518 traditae,
983 4446 1110 4524 scriptae
1129 4445 1189 4504 saut
1208 4445 1236 4503 d
1260 4444 1311 4504 30.
1335 4453 1365 4501 31
1387 4445 1438 4503 31.
1460 4443 1538 4502 lulii.
1577 4447 1617 4503 At
1636 4445 1779 4502 tamensi
1802 4445 1846 4502 vel
1869 4401 1957 4503 11333
1978 4444 2086 4503 habeas
2108 4464 2181 4503 nar·

394 4530 503 4590 rationi
525 4528 656 4588 Forsteri
676 4538 706 4587 31
726 4540 822 4608 putes,
843 4531 959 4607 legatos
980 4531 1008 4589 d.
1033 4534 1059 4591 1.
1082 4529 1150 4590 13111
1171 4530 1338 4607 vespertino
1365 4538 1496 4606 tempore
1523 4529 1712 4607 Vitebergam
1734 4531 1958 4606 venissentque
1986 4531 2085 4588 statim
2112 4531 2182 4588 133-

392 4615 563 4674 lauthouem
585 4617 704 4689 adiisse,
721 4625 819 4675 tamen
841 4616 1029 4690 Melanthou‚
1049 4616 1194 4678 31313113
1215 4625 1285 4695 post
1306 4623 1480 4675 conventum
1502 4614 1575 4673 abiit
1595 4613 1737 4684 Colonia,
1755 4633 1848 4693 usqae
1868 4616 1906 4674 ad
1928 4616 1957 4674 d.
1984 4619 2010 4674 1.
2034 4614 2099 4674 13111
2123 4616 2182 4676 do·

393 4721 473 4763 mum
490 4702 587 4759 redire
608 4703 713 4779 potuit

165 4785 233 4849 lun.
283 4787 623 4852 38.11333313ι·13313
645 4787 802 4848 Westfalia
824 4795 1018 4866 expugnatur.

165 4872 224 4936 Iul
309 4876 338 4936 7.
358 4868 528 4932 camerario
549 4863 670 4945 suadet,
693 4881 726 4932 ut
744 4891 777 4932 se
798 4875 931 4933 conferat
950 4871 1126 4950 'Ilubiuganu

357 4957 398 5017 D.
418 4961 447 5019 9.
470 4959 517 5017 vel
540 4960 589 5020 10.
611 4915 680 5017 Iulii
701 4960 791 5038 legati
813 4958 980 5039 Augustani
1000 4967 1070 5016 suut
1090 4957 1277 5035 Vitebergse.

283 5046 333 5107 18.
356 5042 469 5104 Rector
488 5045 668 5104 Academiae
689 5046 786 5106 Viteb.
807 5047 918 5106 indicat
933 5045 1128 5115 scholasticis,
1149 5041 1252 5103 Icuam
1275 5044 1401 5104 eundum
1423 5060 1490 5104 esse
1508 5042 1677 5103 doctoribus
1699 5050 1729 5101 et
1750 5041 1890 5103 studiosis
1907 5052 2032 5121 propter
2048 5051 2189 5120 pestem,

392 5129 569 5207 Vitebergae
591 5141 785 5207 grassantem.

283 5216 334 5276 31.
356 5216 427 5275 hiel.
450 5216 584 5276 hortatur
604 5219 825 5278 concionatores
846 5220 1053 5296 Augustanos,
1073 5226 1106 5275 ut
1126 5214 1301 5276 concordiae
1323 5215 1467 5274 studeant.

283 5302 334 5365 39.
357 5301 427 5362 1131.
450 5302 488 5361 ad
509 5301 672 5364 Lutherum
693 5303 796 5364 scribit
815 5304 853 5369 33
873 5314 951 5365 statu
972 5322 1070 5364 rerum
1093 5302 1195 5378 lenae,
1218 5319 1326 5380 quoae
1347 5300 1518 5362 contulerat
