4718 6000
192 1516 493 1653 INDEX
514 1519 1124 1655 PROPOSITION
1126 1300 1268 1654 11111
1293 1517 1410 1650 ΕΤ
1445 1517 2219 1652 DISPUTATIONUM
2310 1498 2314 1503 ⁵

725 1708 966 1841 PHIL.
1005 1706 1688 1839 MELANT'HONIS²

1025 2022 1333 2035 *ι--υιιι

195 2250 422 2331 Propositiones
443 2253 671 2328 complectentes
697 2253 872 2329 praecipuos
892 2251 1043 2312 Articulos
1070 2252 1179 2312 dactri—
1230 2248 1278 2311 De
1299 2253 1441 2310 ministris
1463 2249 1719 2311 sacramentorum
1743 2255 1815 2315 491.

239 2356 297 2395 nae
319 2336 463 2396 coelestis.
498 2337 564 2395 Vol.
587 2336 658 2409 Xll,
679 2339 750 2399 999.
1231 2336 1279 2396 195
1300 2347 1445 2415 potestate
1466 2336 1599 2396 Clarium
1623 2347 1652 2396 51
1674 2338 1876 2400 Absolutionis
1899 2340 1971 2401 499.

195 2420 244 2483 195
266 2430 388 2500 peceato
411 2423 533 2499 originis
556 2424 628 2483 437.
1231 2421 1279 2481 De
1301 2425 1364 2481 iure
1386 2424 1590 2482 Absolutionis
1613 2426 1685 2486 493.

194 2504 244 2567 195
267 2510 507 2585 concupiscentia
527 2509 601 2568 439.
1230 2505 1278 2566 195
1300 2510 1450 2567 Potestate
1473 2508 1671 2569 ecclesiastica
1694 2511 1765 2571 494.
2230 2574 2233 2579 ,

195 2591 244 2653 195
266 2603 386 2671 peccato
409 2595 525 2671 reliquo
546 2594 578 2650 in
600 2594 710 2651 renatis
732 2595 804 2652 441.
1231 2592 1279 2651 De
1300 2590 1427 2671 Synodis
1445 2596 1524 2671 quod
1550 2596 1679 2671 cognitio
1707 2596 1744 2654 65
1766 2596 1901 2655 doctrina
1927 2597 2073 2673 pertineat
2100 2598 2141 2657 ad
2166 2599 2217 2659 de·

194 2677 243 2740 De
265 2680 432 2738 discrimine
454 2678 568 2757 pcccati
588 2679 740 2754 originalis
762 2688 791 2737 et
813 2678 936 2737 00105115
955 2680 1027 2739 443.
1274 2679 1366 2738 155105
1382 2680 1447 2755 pios
1465 2690 1494 2739 51
1510 2682 1623 2753 600105,
1641 2691 1703 2740 tum
1723 2678 1911 2754 Sacerdotes,
1931 2691 1993 2743 tam
2009 2680 2119 2741 Laioos
2140 2686 2215 2746 495.

195 2762 244 2825 195
265 2765 434 2825 discrimina
455 2765 562 2823 veteris
585 2775 613 2822 51
634 2766 703 2823 novi
720 2765 903 2824 Testamenti
924 2766 995 2825 444.
1230 2763 1278 2823 De
1300 2765 1506 2826 traditionibus
1526 2766 1558 2823 in
1580 2766 1716 2827 Ecclesia
1737 2770 1809 2829 497.

195 2847 244 2910 De
266 2850 332 2928 lega
354 2858 384 2910 et
404 2850 656 2911 Promissionibns
679 2852 753 2912 444.
1231 2850 1279 2910 De
1299 2850 1518 2909 Traditionibos
1542 2852 1614 2915 499.

196 2933 298 3009 Quare
319 2938 379 2996 lide
401 2938 595 2997 iustificemur
617 2955 677 2995 uon
701 2936 857 2996 dilectione
877 2937 949 2996 446.
1231 2934 1279 2995 195
1295 2937 1449 3013 Baptismo
1472 2938 1543 2998 500.

195 3018 244 3083 195
266 3023 407 3083 antithesi
429 3024 625 3083 humanarum
648 3024 836 3098 opinionum,
859 3031 887 3082 51
908 3038 996 3082 verae
1016 3020 1179 3080 sententiae
1231 3020 1278 3079 De
1300 3018 1400 3080 Coena
1421 3018 1544 3082 Domini
1567 3024 1639 3086 500.

240 3110 278 3167 65
294 3108 500 3169 iustificatione
519 3110 591 3170 449.
1231 3107 1279 3166 De
1301 3104 1472 3166 Sacerdotio
1495 3119 1523 3165 et
1545 3110 1688 3171 sacrificio
1711 3111 1783 3169 501.

194 3189 244 3253 195
265 3196 412 3253 sententia
433 3196 520 3255 dicti:
539 3193 612 3252 Eidc
634 3195 826 3255 iustificamur
849 3194 921 3257 459.
1230 3190 1278 3251 195
1300 3194 1402 3251 codem
1425 3201 1454 3251 et
1474 3196 1629 3270 speciebus
1651 3194 1790 3254 sacrificii
1812 3195 1884 3255 501.

196 3278 244 3340 195
267 3280 434 3340 exclusiva:
456 3279 528 3341 Sola
548 3281 605 3338 fide
627 3288 679 3339 etc.
701 3281 774 3343 455.
1230 3276 1280 3337 De
1300 3277 1488 3336 Paenitentia
1508 3280 1657 3357 lapsorum
1682 3282 1754 3343 504.

196 3363 446 3426 Confirmationes
476 3367 640 3427 sententiae
661 3365 762 3426 Paulir
789 3364 864 3426 Fide
892 3366 1083 3427 iustificamur
1105 3364 1178 3426 458.
1230 3362 1279 3423 De
1300 3364 1486 3423 Paenitentia
1508 3375 1536 3423 et
1558 3364 1815 3427 Satisiactiouibus
1838 3368 1909 3427 505.

195 3449 244 3512 195
265 3450 343 3511 Fide
363 3453 435 3514 460.
1231 3448 1279 3509 195
1299 3450 1431 3527 partibus
1450 3450 1654 3512 Paenitentiae
1676 3452 1749 3517 506.
2003 3508 2006 3513 .
2092 3512 2096 3519 ,

195 3536 244 3597 195
266 3538 416 3596 sententia
438 3547 467 3595 51
489 3537 757 3598 confirmationibus
780 3537 866 3596 Pauli
884 3540 955 3599 460.
1231 3534 1353 3597 Summa
1376 3536 1527 3595 doctrinae
1550 3539 1586 3596 de
1609 3538 1796 3597 Paenitentia
1815 3538 1887 3598 507.

196 3621 244 3683 195
276 3622 491 3684 lastificatione
514 3624 599 3695 fidei,
639 3632 668 3681 et
693 3624 805 3683 institia
838 3622 913 3701 legis
941 3642 993 3683 seu
1021 3623 1179 3684 universali
1230 3620 2217 3699 1950001605Ρο5011501155,5165615000105801151501100010

239 3708 313 3771 463.
1273 3716 1303 3765 01
1320 3726 1480 3783 poenarum
1504 3711 1575 3771 510.
1960 3720 1963 3725 “

193 3794 269 3855 Fide
291 3795 427 3853 vincente
449 3795 660 3854 dubitationem
685 3796 757 3857 464.
1230 3793 1277 3853 195
1298 3794 1467 3852 discrimine
1488 3790 1728 3855 Satisiactionum
1748 3803 1777 3853 et
1798 3813 1958 3874 paenarum
1976 3794 2118 3854 divinitus
2140 3798 2221 3856 irro-

194 3879 242 3941 De
261 3879 335 3940 Fide
356 3881 429 3942 466.
1272 3888 1404 3956 gatarnm
1428 3882 1500 3941 513.

196 3966 244 4025 195
265 3967 434 4025 discrimine
456 3968 681 4044 promissionum
705 3964 795 4044 Legis
817 3976 846 4024 et
866 3967 1021 4045 Evangelii
1045 3968 1116 4029 466.
1229 3965 1278 4025 190
1300 3966 1460 4025 Exercitiis
1483 3967 1686 4044 corporalibus
1709 3967 1823 4043 piorum
1847 3967 1919 4027 514.

195 4050 244 4111 195
270 4054 438 4112 discrimine
469 4053 574 4111 veteris
607 4061 637 4111 et
665 4054 734 4111 novi
760 4052 957 4127 Testamenti,
989 4054 1085 4131 deque
1104 4053 1179 4132 legis
1228 4049 1275 4109 De
1309 4049 1430 4109 Iustieia
1459 4054 1570 4111 carnali
1604 4064 1634 4111 et
1665 4052 1759 4125 civili,
1799 4071 1834 4111 ac
1867 4053 1904 4111 de
1931 4050 2036 4111 5115510
2064 4052 2160 4132 Legis
2191 4066 2222 4115 st

239 4139 431 4216 abrogatione
454 4138 526 4200 469.
1272 4137 1425 4214 Evangelii
1451 4138 1522 4197 516.

195 4223 244 4283 195
261 4225 453 4303 abrogatione
474 4224 548 4300 legis
571 4226 642 4283 473.
1229 4222 1277 4282 De
1299 4221 1519 4282 Iustificatione.
1558 4222 1657 4297 Quare
1677 4224 1735 4284 fide
1755 4226 1820 4284 sola
1841 4223 2048 4296 iustificemur,
2071 4243 2133 4284 non
2158 4227 2222 4287 1165

196 4308 244 4369 195
265 4311 401 4370 libertate
423 4308 591 4370 Christiana
614 4312 686 4370 474.
1272 4318 1301 4367 et
1322 4309 1461 4389 operibus
1481 4308 1566 4368 simul
1591 4313 1663 4371 517.

196 4396 244 4456 195
264 4415 320 4456 050
342 4396 485 4454 libertatis
507 4396 536 4453 in
560 4391 739 4480 (1610010οκ
758 4406 785 4454 51
803 4396 942 4455 scandalo
965 4398 1037 4457 477.
1229 4393 1277 4454 De
1297 4394 1430 4453 Ecclesia
1447 4396 1519 4456 519.

195 4482 244 4542 Ι)5
264 4484 342 4542 61510
363 4482 444 4541 Petri
466 4483 569 4541 Actor.
597 4484 660 4544 151
685 4483 789 4560 Neque
809 4501 864 4543 nos
885 4501 979 4559 nequo
1000 4492 1101 4560 patres
1123 4492 1177 4542 etc
1230 4480 1278 4539 De
1298 4480 1504 4539 traditionibus
1527 4482 1662 4540 humanis
1686 4482 1756 4543 590.

240 4570 311 4630 478.
1230 4567 1278 4627 195
1299 4567 1484 4624 Paenitentia
1503 4567 1575 4627 590.

197 4654 245 4713 190
265 4655 424 4715 sententia:
446 4652 529 4712 Iusta
551 4672 610 4711 non
633 4665 677 4712 est
698 4654 749 4712 lex
769 4656 866 4731 positu
888 4654 960 4715 479.
1230 4651 1278 4711 De
1300 4671 1370 4710 vera
1392 4662 1419 4709 et
1441 4662 1584 4730 perpetua
1605 4653 1738 4712 doctrina
1760 4653 1909 4711 Ecclesiae
1934 4653 2006 4713 594.

195 4738 244 4799 195
266 4741 425 4799 sententia:
448 4739 531 4799 Deus
553 4740 615 4798 rult¹
632 4759 734 4799 omnes
755 4742 889 4800 homines
907 4741 1006 4801 salvos
1023 4741 1086 4800 lieri
1106 4740 1178 4802 480.
1232 4738 1280 4797 De
1300 4737 1444 4811 Ecclesia,
1469 4748 1499 4795 et
1524 4740 1662 4798 antithesi
1686 4759 1770 4799 verae
1798 4741 1948 4799 doctrinae
1976 4749 2006 4797 et
2037 4737 2220 4801 Pontificius

196 4823 244 4885 De
265 4824 399 4885 Ecclesia
422 4826 494 4887 481.
1275 4824 1347 4884 596.

196 4912 245 4971 195
274 4912 430 4973 autoritate
457 4910 626 4985 Ecclesiae,
656 4923 685 4969 et
714 4913 751 4970 65
775 4913 853 4971 61510
875 4911 1049 4990 Augustini:
1082 4911 1180 4969 Evan-
1231 4910 1279 4967 De
1301 4909 1494 4969 Invocatione
1516 4908 1574 4968 Dei
1598 4910 1669 4970 599.

241 4998 319 5075 gelio
341 5017 400 5056 non
422 4998 570 5055 crederem
588 5007 642 5057 etc.
663 4999 736 5059 489.
1230 4995 1279 5055 195
1301 4996 1375 5055 Fide
1398 4998 1469 5056 539.

198 5082 246 5143 195
270 5103 339 5142 vero
361 5094 389 5141 51
410 5084 479 5141 ficta
499 5084 643 5156 Ecclesia,
666 5084 754 5142 etde
777 5084 879 5143 eodem
902 5084 980 5143 dicto
998 5075 1180 5162 ¹Augustini:
1231 5080 1279 5140 195
1298 5082 1487 5140 Matrimonia
1511 5082 1583 5142 539.

242 5169 405 5245 Evangelia
426 5188 485 5227 non
509 5170 655 5227 crederem
677 5180 731 5229 etc.
754 5171 825 5231 484.
1231 5166 1278 5226 De
1300 5177 1362 5226 tota
1382 5166 1537 5243 Evangelii
1559 5166 1691 5226 doctrina
1714 5167 1785 5227 539.

198 5252 246 5313 195
269 5256 436 5313 0656100110
459 5264 488 5311 51
511 5274 655 5315 consensu
676 5256 829 5316 Ecclesiae
852 5255 924 5315 488.
1233 5254 1454 5332 l‘ropositiones
1475 5253 1556 5312 Petri
1579 5255 1615 5311 de
1637 5252 1794 5310 Mala-enda
1813 5253 1845 5311 10
1865 5252 1967 5329 colloq.
1992 5250 2109 5331 Ratisp.
2133 5271 2214 5315 anno

198 5338 246 5398 De
263 5342 366 5419 politia
377 5340 531 5399 Ecclesiae
548 5359 600 5400 seu
617 5342 780 5401 ministerio
798 5349 828 5399 51
844 5340 1076 5402 ordinationibus
1088 5339 1160 5401 489.
1278 5340 1369 5401 1546.
1393 5340 1561 5417 propositae
1584 5340 1655 5399 543.
