4718 6000
814 345 1005 417 PlllhlPPl
1032 345 1350 415 transactionis
1375 344 1540 415 OPERA.
1578 360 1586 375 ‘

1003 600 1226 669 vuuuueu
1258 602 1344 669 xus
2115 538 2187 604 n*‘

374 763 416 822 ll.
458 760 549 821 Liber
570 763 607 821 de
628 762 727 820 anima
789 806 2052 834 ........................
2170 766 2187 822 l

356 848 412 909 111.
457 848 550 906 Initia
567 849 716 909 doctrinae
737 847 876 925 physicae
901 888 2054 911 ......................
2122 848 2191 909 179
2229 832 2233 842 ’

359 934 430 1016 lV.⁴
457 934 612 992 Elementa
633 933 793 992 rhetorices
849 975 2052 996 .......................
2119 934 2189 994 413
2237 941 2244 949 ”

376 1019 413 1080 V.
458 1020 628 1080 Erotemata
649 1019 817 1078 dialectices
850 1061 2000 1082 ......................
2001 1104 2008 1119 ·
2045 1066 2053 1080 .
2121 1018 2189 1078 507

167 1312 322 1400 uram
357 1311 603 1396 PHILIPPI
641 1307 1052 1396 Mmauunorus
1089 1308 1152 1392 iu
1179 1306 1396 1412 oureus
1440 1308 1776 1396 solamur
1817 1240 2189 1398 scansurum

1052 1450 1301 1540 sacuam

405 1675 429 1733 Ι.
475 1671 710 1733 Commentarius
729 1675 760 1732 in
784 1671 916 1735 Genesin
953 1721 2048 1739 .....................
2118 1676 2183 1736 761

384 1760 423 1819 lI.
468 1762 678 1837 Argumentum
704 1760 735 1817 in
757 1744 876 1819 Esaiam
899 1760 1070 1837 prophetam
1123 1802 2049 1824 ..................
2119 1762 2187 1822 793

369 1845 426 1906 III.
471 1848 684 1922 Argummtum
706 1845 737 1902 in
755 1845 909 1904 Ieremiam
928 1846 1102 1923 prophetam
1121 1891 1833 1910 ..............
1846 1917 1850 1924 ,
1880 1893 1887 1907 .
1934 1894 1941 1908 .
1989 1894 1996 1908 .
2042 1895 2049 1908 .
2120 1848 2188 1910 807

375 1930 421 1990 IV
422 1977 428 1990 .
472 1934 686 2008 Argumentum
712 1933 744 1989 in
766 1931 903 1991 Threnos
930 1929 1074 1989 leremiae
1120 1977 2052 1994 ..................
2121 1934 2188 1993 815
2269 1978 2272 1983 »

390 2017 427 2075 V.
471 2017 506 2075 In
529 2016 682 2075 Danielem
704 2018 878 2094 prophetam
898 2018 1125 2076 commentarius
1174 2063 2052 2079 .................
2121 2018 2189 2079 823

377 2101 431 2161 Vl.
477 2104 690 2180 Argumentum
712 2104 886 2161 concionum
908 2103 1070 2180 prophetae
1091 2100 1229 2178 Haggaei
1284 2149 2053 2165 ...............
2124 2105 2190 2164 981

361 2185 432 2249 Vll.
478 2184 711 2247 Commentarius
732 2188 763 2246 iu
786 2188 957 2265 prophetam
979 2187 1151 2247 Zachariam
1176 2216 1211 2250 ,κ
1230 2231 2053 2251 ................
2124 2190 2192 2250 989

346 2273 431 2333 VIII.
477 2273 697 2351 Explicatioues
718 2274 749 2331 in
767 2274 881 2332 initium
903 2274 1069 2332 Malachiae
1122 2319 1834 2335 ..............
1880 2309 1889 2334 -.
1937 2319 1944 2334 .
1991 2320 1998 2335 .
2045 2322 2052 2336 .
2103 2276 2191 2335 1005

375 2358 432 2419 ΙΧ.
477 2358 689 2419 Commentarii
712 2360 742 2417 in
766 2359 902 2419 Psalmos
956 2408 962 2421 .
1010 2407 1017 2420 .
1065 2400 1072 2416 .
1119 2406 1125 2418 .
1169 2364 1175 2373 '
1174 2404 2050 2422 .................
2100 2362 2188 2420 1017

1006 2539 1227 2607 VOLUllEN
1260 2538 1347 2605 XIV.

381 2697 422 2758 X.
467 2696 636 2775 Explicatis
657 2699 884 2760 Proverbiorum
906 2697 1072 2760 Salomonis
1118 2742 2050 2765 ..................
2168 2706 2187 2763 1

366 2781 420 2841 Xl.
464 2784 620 2843 Enarratio
642 2786 674 2843 in
694 2783 894 2845 Ecclesiasten
956 2831 2050 2849 .....................
2144 2789 2188 2849 89

350 2868 421 2928 ΧΠ.
466 2872 682 2930 Annctationes
703 2872 734 2929 in
756 2871 918 2948 Evangelia
956 2918 1288 2933 .......
1317 2872 1324 2886 '
1335 2917 2047 2935 ..............
2122 2875 2184 2934 161

460 2958 601 3016 Annotat.
624 2964 653 3015 et
674 2957 830 3017 conciones
848 2958 879 3015 in
901 2957 1015 3033 Evang.
1036 2955 1177 3015 Matthaei
1224 3003 2049 3020 ................
2120 2959 2185 3019 529

459 3044 602 3101 Annctat.
626 3051 655 3100 et
676 3043 833 3103 conciones
852 3043 883 3101 in
904 3042 1016 3119 Evang.
1038 3041 1159 3101 loannis
1226 3088 2048 3105 ................
2100 3045 2185 3105 1043

1010 3224 1229 3293 VOLUMEN
1261 3223 1338 3290 XV.

343 3381 415 3442 XII.
462 3385 676 3442 Annotationes
697 3384 728 3442 in
751 3383 914 3461 Evangelia
933 3383 1141 3462 (continuatio)
1172 3429 2049 3447 .................
2168 3387 2183 3443 1

460 3469 615 3529 Enarratio
638 3470 669 3527 in
688 3468 802 3546 Evang.
826 3467 948 3530 Ioannis
1009 3514 2049 3533 ....................
2166 3473 2180 3529 1

333 3552 419 3614 Xlll.
464 3555 680 3614 Anuotationes
701 3555 731 3612 in
752 3553 904 3632 Epistolus

506 3644 532 3700 l.
575 3637 740 3717 DIspositio
761 3641 902 3699 craticule
922 3641 953 3698 in
975 3639 1100 3715 epistola
1121 3638 1206 3698 Pauli
1230 3639 1268 3698 ad
1288 3637 1441 3698 Romanos
1498 3686 2046 3702 ...........
2117 3641 2179 3699 443

504 3725 530 3784 2.
576 3720 785 3784 commentarii
806 3727 837 3784 in
860 3728 943 3803 epist.
965 3724 1050 3784 Pauli
1072 3727 1108 3784 ud
1130 3724 1216 3784 Rom.
1281 3772 2046 3787 ...............
2117 3726 2180 3786 493

503 3813 531 3872 3.
577 3810 734 3871 Enarratio
756 3812 840 3888 epist.
864 3812 949 3870 Pauli
971 3811 1009 3869 ad
1030 3810 1115 3870 Rom.
1172 3855 2048 3873 .................
2117 3812 2177 3870 797

503 3898 530 3956 4.
577 3895 811 3956 Commentarius
834 3899 865 3956 in
888 3899 971 3975 epist
992 3896 1079 3955 Pauli
1099 3897 1137 3955 ad
1158 3894 1328 3956 Corinthi0s
1391 3943 2046 3959 .............
2097 3896 2177 3955 1053

503 3983 531 4042 5.
576 3982 732 4042 Enarratio
753 3984 836 4060 epist.
859 3983 945 4042 Pauli
967 3983 1005 4041 ad
1027 3982 1216 4043 colossenses
1278 4028 2046 4044 ...............
2096 3981 2176 4042 1991

505 4069 532 4127 6.
577 4070 789 4144 Argumentum
814 4070 898 4146 epist.
920 4069 1008 4128 Pauli
1025 4069 1063 4127 ad
1084 4067 1289 4146 Philippenses
1333 4114 2045 4129 ..............
2097 4066 2177 4128 1283

503 4155 531 4212 7.
575 4152 732 4213 Enarratic
753 4155 838 4232 epist.
861 4154 945 4213 Paul.
968 4156 1006 4213 ad
1028 4154 1216 4214 Timotheum
1280 4199 2047 4214 ...............
2097 4153 2178 4214 1295

1001 4335 1218 4440 vonuunu
1251 4335 1341 4402 xvi

415 4526 563 4587 Praelatio
619 4575 1170 4591 ...........
1200 4593 1202 4596 ,
1217 4574 2041 4591 ................
2149 4528 2177 4586 V

262 4816 501 4905 SCRIPTA
532 4820 777 4904 PHHAPPI
808 4818 1220 4931 MELANI'HONIS
1252 4820 1335 4904 AD
1365 4818 1614 4906 ETHIOEN
1645 4821 1715 4905 ΕΤ
1746 4818 2053 4908 POLITIOEN

474 4964 830 5051 SPEOTANTIA
862 4967 932 5051 ΕΤ
962 4964 1437 5054 DISSERTATIONES
1467 4964 1536 5051 IIS
1568 4964 1861 5051 ANNEXAE.

453 5184 668 5261 l’rolegomeua
724 5233 2043 5252 .........................
2158 5191 2172 5247 1

385 5271 407 5332 l.
452 5269 660 5348 Philosophiae
681 5270 801 5361 moralis
823 5274 966 5351 epitomes
986 5271 1054 5332 libri
1076 5272 1135 5332 duo
1163 5304 1184 5334 .·
1218 5318 2043 5337 ................
2135 5272 2170 5331 21
