4718 6000
812 264 998 333 PillLll’l'l
1018 261 1338 345 Memnonis
1361 264 1525 336 OPERA.

1148 531 1196 614 B.

416 709 493 788 De
537 701 1092 786 confutationibus
1136 701 1379 812 privato
1425 701 1689 784 consilio
1734 699 1933 785 sactis.

375 908 590 985 Prolegomena
627 949 2050 968 ...........................
2145 904 2184 961 71

419 998 445 1053 1.
489 992 714 1053 confutationes
736 992 766 1049 in
784 991 859 1069 ipsis
880 987 1016 1050 comitiis
1038 989 1085 1047 vel
1103 987 1193 1065 paulo
1214 996 1282 1067 post
1302 986 1397 1047 facloe
1442 1036 2049 1051 ............
2144 989 2182 1046 'll

309 1110 318 1126 ι
417 1080 445 1138 2.
491 1075 715 1137 confutationes
736 1076 846 1137 seriore
863 1085 994 1153 tempore
1013 1074 1198 1151 conscriptae
1222 1120 2050 1136 ................
2146 1074 2187 1132 73

877 1261 1281 1334 Consuletiones
1321 1263 1473 1356 ipsae.

1153 1434 1190 1490 A.

989 1541 1212 1604 confutatio
1234 1542 1361 1603 latina

374 1685 587 1761 prolegomena
609 1681 748 1759 specialia
788 1725 2046 1744 ........................
2142 1683 2186 1742 79

374 1769 597 1830 confutatio
617 1769 739 1826 latina
787 1810 2047 1829 ........................
2142 1767 2185 1827 81

1159 1935 1195 1997 Β.

937 2070 1158 2134 confutatio
1187 2073 1413 2152 germanica

375 2232 590 2309 Prolegomens
610 2227 749 2306 specialia
792 2274 2049 2292 ........................
2123 2230 2189 2289 185

375 2316 597 2379 confutatio
624 2315 845 2392 germanica
900 2359 2049 2376 ......................
2123 2315 2188 2375 189

1157 2480 1192 2545 0.

779 2565 1296 2672 Epitomseconl'ulationis
1317 2592 1561 2672 germanicae.

377 2753 592 2830 Prolegomena
609 2750 749 2828 specialia
794 2794 2049 2812 ........................
2122 2748 2185 2809 227

377 2839 550 2918 Epitome
576 2842 588 2897 l
596 2879 2048 2900 ............................
2122 2835 2186 2895 22?

377 2926 546 3004 Epiloine
569 2923 587 2981 2
589 2962 1667 2985 .....................
1701 2948 1711 2973 ι
1714 2966 2048 2984 .......
2121 2921 2186 2981 233

1157 3087 1196 3150 D.

842 3225 1025 3288 cochlaei
1046 3224 1192 3288 Summa
1212 3225 1499 3309 consolationis.

376 3385 594 3463 Prolegomena
615 3383 754 3462 specialia
792 3425 2049 3446 ........................
2123 3385 2184 3448 239

377 3471 561 3533 Coohlaei
583 3466 730 3529 Summa
745 3467 1032 3531 confutationis
1060 3508 2049 3532 ...................
2121 3470 2183 3531 239

672 3661 730 3729 ΙΙΙ.
783 3657 1012 3729 APOLOGIA
1038 3655 1353 3728 CONFESSIONIS
1378 3655 1669 3728 AUGUSTANAE

906 3786 1061 3835 anctore
1083 3775 1176 3838 Phil.
1200 3773 1447 3835 Melanthona

379 3916 595 3993 Prolegomena
612 3914 760 3992 generalia
794 3952 2049 3976 ........................
2120 3915 2179 3976 245

917 4255 1219 4369 Apologia
1263 4259 1436 4369 prior.

378 4429 590 4506 Prolegomena
607 4428 748 4505 specialia
792 4476 798 4488 .
845 4474 852 4487 .
899 4420 923 4488 .’
954 4469 2047 4490 .....................
2118 4432 2177 4491 247

422 4534 450 4574 a.
493 4515 541 4574 De
566 4515 629 4572 eius
651 4513 781 4572 fontibus
2119 4516 2179 4579 249

422 4603 449 4661 b.
493 4600 541 4660 De
562 4600 686 4677 linguis,
708 4599 814 4675 quibus
836 4599 873 4657 ab
894 4607 1013 4658 auclore
1034 4596 1203 4675 scriptasit
1226 4639 2048 4661 ................
2119 4603 2176 4663 251

422 4707 447 4746 o.
491 4687 539 4747 De
562 4688 624 4745 eins
641 4681 801 4745 codicibus
822 4694 851 4744 et
873 4684 1059 4744 Edilionibus
1115 4728 1775 4746 .............
1819 4686 1822 4691 ’
1824 4732 2048 4748 .....
2119 4688 2177 4748 251

421 4773 469 4832 De
491 4773 641 4852 Apologia
661 4768 800 4830 Osiandri
845 4815 2049 4834 .......................
2119 4774 2180 4835 262

909 4960 937 5001 a.
981 4940 1168 5020 Apologia
1183 4938 1303 4998 latina
1322 4894 1435 5018 prior.

380 5082 593 5158 Prolegomena
614 5078 752 5157 specialia
797 5124 2048 5143 ........................
2119 5084 2179 5145 271

381 5167 571 5244 Apologia
591 5167 711 5224 latina
732 5150 836 5243 p'rior
900 5210 2049 5228 ......................
2120 5170 2182 5230 275
