4718 6000
125 341 172 408 ιι
484 433 487 445 ¹
846 336 937 405 ’.ι
978 337 1360 408 6666661666
1732 440 1735 451 y
1847 309 1852 438 }
2096 339 2144 408 aa

127 531 223 611 April.
250 534 299 593 19.
321 531 526 591 Decernuntur
546 531 578 589 in
599 535 745 589 conventu
766 531 903 591 induciae
924 532 1090 610 quindecim
1116 531 1260 592 meusium
1283 541 1313 590 et
1333 532 1511 610 colloquium
1535 530 1573 590 de
1595 548 1686 591 causa
1705 529 1856 610 religionis
1876 531 1906 590 6
1930 534 1958 592 1.
1975 534 2053 610 Aug.
2076 527 2142 594 No-

351 618 505 693 rinbergae
527 617 701 674 habendum.

243 701 294 764 90.
318 703 489 763 1161661566
505 703 561 761 iter
581 702 772 778 ingreditur
763 721 794 760 m
816 699 985 764 Saxoniam.
1063 742 1076 761 .

243 789 293 850 93.
316 787 425 866 Legati
447 787 540 847 Ducis
560 782 631 847 Sax.
654 785 756 847 111661..
770 797 800 846 61
819 787 999 895 Landgmii
1019 789 1170 848 veuiuut'
1159 807 1192 848 m
1213 788 1363 866 Angliam.

201 877 208 902 ³
317 875 489 934 Melanthon
510 884 555 932 eet
575 870 764 946 Salveldiae,
771 881 801 931 et
816 862 972 938 historiari
991 882 1152 935 conventus
1172 873 1274 934 scribit
1293 872 1394 934 Ionae

245 959 294 1021 97.
316 961 407 1018 Mittit
429 959 591 1020 orationem
613 960 651 1017 66
672 959 838 1037 principum
860 960 966 1020 officiis
987 958 1148 1020 Laurentio
1169 959 1260 1020 Zoch.

244 1045 293 1107 99.
315 1045 422 1123 Legati
443 1042 584 1105 Saxonici
602 1045 761 1104 audiuntur
781 1065 800 1105 6
819 1046 904 1125 Rege
926 1046 1061 1123 Angliae.

127 1131 257 1192 Mai.2-
261 1133 291 1193 5.
313 1132 484 1191 Melanthea
505 1150 572 1191 cum
599 1131 668 1190 aula
689 1141 735 1192 est
755 1132 969 1211 Anuabergaa,
997 1131 1048 1190 ubi
1074 1132 1252 1193 conveniunt
1275 1131 1419 1209 Princeps
1440 1130 1561 1192 Elector
1589 1142 1619 1190 61
1647 1133 1798 1194 Henricus
1819 1132 1890 1192 Dux
1910 1129 2068 1195 Saxoniae.
2089 1169 2138 1182 -

351 1218 508 1296 Myconius
530 1219 720 1278 concionatur
738 1217 770 1274 iu
791 1218 902 1297 templo
924 1221 1169 1278 Annaemontauc
1190 1219 1219 1278 d.
1243 1219 1271 1276 4.
1293 1218 1375 1277 Maii.
1567 1266 1582 1281 ..

247 1304 296 1364 12.
317 1303 399 1364 1161.
408 1305 513 1362 iterum
536 1314 581 1363 est
602 1303 853 1380 9116566666-
810 1301 963 1364 -Dono
980 1312 1133 1382 acceperat
1153 1303 1289 1405 poculum
1311 1310 1482 1382 argenteum
1502 1301 1647 1365 sSenatu
1667 1249 1897 1383 Numhurgensi.

244 1388 295 1451 99.
316 1388 515 1449 Proficiscitur
533 1387 668 1467 Lipsiam
690 1407 756 1446 cum
778 1386 910 1449 1615666
931 1396 962 1448 61
983 1389 1066 1463 lona,
1087 1389 1168 1448 ubi
1158 1407 1218 1449 ram
1239 1398 1323 1449 erant
1336 1390 1497 1468 Myconius
1519 1399 1548 1449 et
1569 1388 1720 1470 cruciger,
1741 1393 1780 1450 ad
1802 1391 1956 1452 ecclesiam
1979 1401 2008 1452 et
2028 1390 2134 1453 acade·

353 1476 442 1534 miam
463 1475 682 1533 instaurandam
702 1474 863 1534 secundum
883 1484 1041 1555 praccepta
1060 1475 1225 1553 Evangelii.

244 1561 296 1622 25.
318 1559 514 1619 Dimittuntur
534 1560 625 1638 legati
646 1556 787 1635 Saxonici
808 1580 828 1619 a
847 1558 931 1639 Rege
950 1561 1088 1640 Angliae.

243 1647 294 1708 30.
317 1646 495 1723 Vitebergee
512 1647 618 1705 iterum
639 1653 690 1704 est

127 1731 405 1793 lun.l.1nitia
426 1732 609 1791 comitiorum
630 1730 820 1791 wormatiae

265 1819 295 1878 9
316 1817 482 1895 Episcopus
503 1817 662 1877 Misuensis
682 1815 814 1877 Henrico
834 1816 913 1877 Daci
933 1817 1024 1877 mittit
1039 1784 1150 1877 librum
1171 1817 1209 1877 de
1230 1816 1424 1880 reformandis
1442 1816 1530 1879 rebus
1552 1817 1765 1880 ecclesiasticis.

243 1902 294 1963 22.
316 1900 407 1961 Liber
426 1904 585 1963 Misneusis
606 1903 731 1962 mittitur
752 1903 898 1980 theologis
919 1903 1178 1982 Vitebergensibus
1199 1904 1289 1963 atde
1310 1903 1504 1964 6616616661.

243 1988 295 2050 24.
317 1989 481 2048 Excuditur
502 1988 698 2050 Melanthonis
719 1997 860 2049 tractatus
881 1989 919 2048 de
934 1989 1086 2050 Ecclesiae
1107 1991 1291 2062 auctoritate,
1315 1989 1438 2049 Alberto
1455 1986 1535 2049 Daci
1556 1989 1695 2050 Prassiae
1714 1989 1884 2068 inscriptus.

243 2072 294 2135 26.
315 2071 486 2134 camerario
504 2083 613 2149 narrat,
630 2075 704 2151 quid
717 2072 838 2153 Lipsiae
858 2084 954 2135 66166
976 2076 1023 2134 sit.
1040 2108 1085 2120 -
1101 2074 1226 2138 cndiur
1245 2075 1320 2135 liber
1336 2075 1374 2135 de
1393 2075 1500 2134 anima.

127 2159 184 2222 lut
271 2163 299 2220 1.
321 2160 574 2237 Vitebergensium
596 2162 742 2219 sententia
763 2162 800 2220 de
820 2160 899 2222 libro
920 2161 1054 2222 Misnieo.
1555 2169 1561 2178 '

268 2246 297 2306 6.
318 2247 409 2304 Mittit
431 2265 547 2306 carmen
565 2246 602 2306 de
619 2243 743 2307 Lazaro.
761 2279 804 2292 -
826 2243 935 2307 Scribit
955 2247 994 2306 ad
1015 2247 1146 2307 Venetos
1163 2247 1201 2306 de
1221 2247 1356 2308 doctrina
1376 2245 1557 2323 Euangeliou
1578 2246 1662 2306 etde
1683 2243 1798 2309 Servati
1818 2245 1975 2306 erroribus.

268 2332 296 2392 8.
320 2332 459 2390 Visitatio
477 2331 676 2392 Ecclesiamm
699 2333 902 2406 1156666166,
925 2351 984 2410 qus
1005 2341 1035 2392 et
1056 2332 1228 2393 Melanthea
1249 2333 1307 2393 fuit
1327 2341 1497 2411 occupatus.

129 2419 209 2497 Aug.
273 2418 301 2476 3.
326 2417 393 2475 Mel.
415 2418 522 2477 iterum
541 2432 586 2477 est
607 2419 695 2478 6661
737 2442 748 2465 ι

241 2507 289 2563 11.
310 2501 467 2563 Praefatur
488 2505 520 2564 in
541 2503 654 2584 Micylli
673 2505 834 2564 metricam.

127 2585 210 2670 Sept
269 2592 295 2649 l.
319 2585 480 2666 Compouit
496 2589 628 2669 Principi
648 2587 778 2648 Electori
800 2589 953 2667 epistolam
974 2589 1012 2648 66
1033 2585 1252 2666 sigismundum
1273 2587 1386 2667 Regem
1407 2587 1560 2660 Polonisa
1582 2588 1618 2646 ad
1642 2587 1830 2647 avertendam
1852 2588 2039 2662 calumniam,
2059 2588 2142 2668 prin·
2224 2611 2227 2616 ’

354 2675 437 2753 61666
458 2673 638 2735 Germaniae
660 2675 750 2748 nolle,
771 2676 929 2752 impeditos
950 2675 1071 2752 privatis
1092 2674 1206 2755 stadiis,
1228 2674 1338 2753 populo
1360 2674 1520 2734 christimm
1542 2692 1712 2734 succurrere
1733 2674 1874 2732 adversm
1894 2674 2016 2734 'lirrosa

267 2762 296 2822 9.
318 2760 389 2820 Meb
414 2761 531 2820 scribit.
568 2761 730 2836 „Volebam
753 2760 862 2821 addere
889 2760 979 2835 (libro
1004 2760 1042 2819 66
1065 2759 1207 2820 66616ιί66
1228 2761 1416 2838 6661661616)
1437 2761 1637 2839 quaestionem
1663 2760 1701 2819 de
1725 2760 1891 2838 principum
1918 2758 2033 2834 officio,
2062 2761 2142 2837 quod

351 2854 463 2906 mutare
484 2847 594 2907 abusus
617 2847 831 2907 ecclesiasticos
851 2846 986 2920 debeant,
1006 2846 1059 2907 sed
1080 2847 1229 2906 nundinae
1248 2845 1405 2907 mutant.
1445 2846 1537 2906 Nunc
1552 2847 1642 2925 igitur
1661 2865 1698 2906 es
1718 2847 1850 2924 qaeestio
1872 2847 1996 2907 seorsim
2016 2845 2143 2908 excude-

349 2937 424 2993 tur.“
469 2932 599 3008 (Produt
618 2934 647 2995 6
672 2933 722 2993 96.
744 2929 827 3010 Oct)

254 3017 305 3078 99
326 3014 449 3078 Scribit.
472 3017 647 3096 „Habebam
668 3018 843 3078 inmanibus
864 3018 991 3078 aulicum
1008 3017 1160 3096 scriptum,
1181 3017 1291 3118 quod
1281 2999 1313 3077 m
1333 3016 1456 3078 511666
1467 3034 1632 3084 emonem
1649 3016 1807 3078 vertebam.
1829 3017 1945 3096 Anglus
1966 3018 2045 3078 enim
2064 3018 2144 3078 misit

351 3105 490 3163 6666166
510 3106 548 3163 ad
570 3104 738 3183 Principem
763 3113 895 3164 nostrum
924 3113 953 3162 et
972 3103 1045 3163 lenit
1064 3103 1133 3164 illos
1156 3121 1227 3164 suos
1247 3104 1354 3182 16616ι
1381 3103 1536 3178 articulos,
1566 3120 1640 3181 quos
1668 3111 1771 3164 66666
1796 3103 1952 3181 Evangelii
1977 3104 2156 3164 doctrinam·

354 3190 454 3264 edidit,
476 3209 512 3249 ac
533 3194 615 3265 petit,
636 3209 675 3249 ne
696 3191 788 3250 nostri
811 3199 915 3250 666166
935 3207 987 3249 666
1008 3188 1148 3250 61666166
1168 3188 1326 3250 66115661.1

129 3271 196 3334 061.
316 3274 393 3334 Fere
413 3276 441 3335 d
469 3276 517 3335 12.
541 3273 607 3336 061.
636 3283 666 3334 et
691 3295 756 3354 sqq.
781 3275 913 3335 Berolini
936 3274 992 3333 fnit
1012 3274 1098 3350 Mel,
1125 3276 1283 3337 accersitus
1304 3262 1663 3368 61666516611561666,
1689 3284 1723 3334 ιι
1748 3273 1922 3334 deliberaret
1946 3275 1983 3334 de
2004 3273 2143 3338 tollendis

353 3361 493 3421 abusibus
514 3361 723 3423 Ecclesiarum
767 3360 813 3420 Ibi
840 3360 957 3439 scripsit
977 3362 1098 3421 nomina
1115 3360 1260 3421 Electoris
1282 3347 1449 3439 epistolam
1456 3360 1496 3421 66
1516 3355 1752 3439 Sigismundum,
1780 3360 1893 3438 Regem
1914 3347 2073 3450 Polouise,
2101 3360 2143 3464 ad

354 3448 551 3507 exmsmuem
573 3448 812 3508 reformationem
834 3446 1053 3507 ecclesiarum
1041 3466 1075 3507 m
1098 3446 1240 3507 Marchia

319 3531 417 3592 Pestis
440 3543 485 3594 est
506 3534 690 3612 Vitebergae.
1523 3539 1525 3542 '

177 3650 181 3661 .
245 3615 295 3678 23.
317 3615 499 3678 Sententiam
521 3638 604 3679 suam
626 3620 664 3680 66
685 3620 816 3679 articulis
835 3608 915 3698 regis
936 3618 1064 3696 Anglise
1085 3595 1158 3693 (vid.
1181 3619 1209 3678 6
1231 3616 1281 3679 99.
1303 3614 1400 3695 Sept.)
1422 3617 1525 3677 scribit
1544 3617 1596 3678 Pr.
1620 3617 1751 3678 Electori
1773 3627 1803 3677 et
1823 3614 2018 3698 Landgravio.

246 3702 296 3764 96.
320 3702 654 3777 Ρ6161Μ6.,666166
673 3706 727 3766 sibi
751 3707 862 3765 166166
882 3713 1003 3783 propter
1024 3723 1134 3764 annum
1156 3703 1381 3764 611666166666
1403 3723 1490 3839 quem
1512 3703 1627 3781 agebat

320 3789 429 3849 lterum
452 3745 553 3850 scribit
574 3792 611 3849 ad
633 3789 887 3870 Norinbergenses
909 3791 947 3849 de
968 3790 1163 3851 absolutione.

320 3876 388 3936 Mel
409 3877 519 3936 liberos
541 3874 660 3937 Sebaldi
677 3873 832 3950 Mrinsteri,
853 3876 905 3955 qui
926 3894 993 3935 eum
1013 3895 1109 3936 uxore
1129 3882 1213 3953 peste
1234 3875 1379 3933 66116616
1401 3882 1456 3948 est,
1478 3874 1516 3933 ad
1538 3891 1571 3933 ι6
1591 3875 1704 3952 recipit
2027 3928 2036 3940 ,

129 3956 211 4021 Nor.
269 3962 296 4021 1.
317 3959 405 4021 Iussu
426 3961 573 4040 Principis
589 3962 736 4021 Electoris
755 3962 857 4023 scribit
877 3960 946 4020 Mel.
967 3962 1005 4021 sd
1026 3979 1125 4038 regem
1143 3960 1269 4037 Anglise
1290 3960 1327 4018 66
1348 3958 1489 4033 articulis
1512 3976 1597 4060 quos
1604 3960 1653 4020 516
1673 3959 1804 4020 Electori
1824 3958 1953 4022 miserat.

317 4045 485 4108 Ioaobimus
506 4047 627 4107 Elector
647 4045 756 4107 Brand.
779 4066 872 4107 coena
893 4063 978 4105 sacra
994 4047 1083 4105 utitur
1104 4045 1265 4105 secundum
1287 4054 1441 4123 utramque
1463 4046 1602 4123 speciem.

247 4132 295 4192 19.
317 4129 466 4210 Georgius
487 4135 583 4194 Maior
606 4133 804 4193 Melanthonis
820 4132 952 4193 libellum
972 4132 1010 4191 de
1031 4131 1196 4211 principum
1217 4130 1318 4193 officio
1339 4131 1434 4190 vertit.

321 4219 390 4278 Mel.
412 4229 617 4280 testamentum
639 4237 724 4279 suum
744 4217 870 4297 scripsit

248 4305 297 4365 19.
320 4302 490 4366 Conventus
507 4305 752 4386 Evangelieorum
774 4303 934 4365 Amatadi'u

173 4398 178 4424 ¹
245 4388 295 4450 23.
317 4388 364 4448 De
386 4391 512 4451 Wicelio
529 4392 630 4452 scribit
651 4393 690 4451 sd
711 4388 905 4452 Stratucrum

305 4475 469 4537 Insomnia
487 4477 604 4538 laboret
622 4478 694 4538 1161.

320 4560 452 4624 Bacenis
469 4565 550 4622 venit
572 4564 759 4643 Vitebergam
779 4563 887 4623 missus
908 4580 928 4620 s
948 4558 1089 4639 Philippo
1109 4556 1450 4636 Landgr.‚ut1.utheri
1471 4556 1709 4618 etMelanthonis
1730 4559 1971 4646 approbationem
1992 4560 2140 4640 bigamiae

354 4668 386 4707 re
426 4658 491 4708 rtet.

128 4729 204 4793 Dec.
268 4735 297 4794 5.
320 4668 562 4795 Melpioachimo
578 4734 744 4795 Marchioni
765 4732 930 4794 Brandenb.
951 4749 1035 4791 suam
1052 4729 1124 4791 dicit
1140 4729 1315 4790 6661661166
1336 4729 1373 4788 66
1394 4727 1490 4789 forma
1511 4746 1669 4790 66616666.

248 4820 297 4879 10.
319 4817 482 4880 Consilium
503 4821 570 4881 Mel.
590 4821 626 4880 de
648 4821 777 4898 bigamia
797 4818 928 4898 Philippi
948 4817 1116 4897 Landgrav.
1212 4877 1216 4884 ,
1239 4866 1244 4877 .

323 4905 408 4966 Finis
428 4915 589 4967 conuentus
609 4906 838 4967 Amatadiensis.

248 4990 298 5052 99.
320 4991 462 5070 Princeps
484 4992 604 5053 Elector
622 4993 712 5066 iubet,
733 5000 766 5050 ut
784 4991 915 5069 theologi
935 4988 1161 5066 Vitcbergeuses
1181 4987 1294 5060 616661,
1316 5005 1376 5065 quo
1397 4986 1484 5045 modo
1501 4985 1635 5045 doctrina
1654 4988 1847 5064 Augustanos
1867 4982 2069 5053 066166616ιί6
2087 4986 2144 5048 ad·

358 5097 460 5138 versus
480 5079 616 5138 inimicos
638 5077 823 5137 defendenda
844 5087 875 5137 et
869 5075 967 5178 ..quid
984 5083 1014 5134 et
1031 5075 1063 5133 16
1085 5073 1190 5151 quibus
1210 5074 1298 5133 rebus
1318 5070 1494 5132 adversariis
1513 5070 1624 5148 aliquid
1644 5072 1861 5132 concedendum
1884 5072 1932 5132 sit.
2050 5119 2054 5123 .

322 5163 478 5223 Praefatur
500 5172 547 5222 est
566 5164 598 5222 in
618 5159 786 5224 chronicon
806 5148 953 5222 11666616
973 5161 1012 5220 ad
1031 5159 1195 5239 Rupertum
1217 5155 1363 5219 Comitem
1384 5155 1563 5220 Palatinum.

341 5379 587 5423 arumnorum
607 5378 673 5424 vor.
686 5379 789 5424 nrm.
1218 5357 1224 5368 '
1555 5435 1558 5439 ἵ
1911 5359 1935 5410 lt

1882 5461 1892 5482 .
