4718 6000
225 272 271 342 8⁷
341 298 348 313 ⁸
885 270 1074 340 emnem
1093 267 1414 339 immonis
1436 269 1600 339 OPERA.

230 465 315 544 Μ’
369 467 400 609 l]
421 462 1057 626 illiffiii310iiliiilb¹i0lilil⁶¹
1050 464 1311 627 lelonmgffll'
1311 508 1385 609 'vic
1407 549 1605 608 mensorum.

304 706 310 721 Ι
424 636 626 695 Ρ151151551151
648 634 871 710 Merseburgum
892 636 930 693 ad
951 635 1151 694 reducendum
1173 632 1337 694 liutherum
1357 636 1457 713 ibique
1477 637 1599 696 intereat
1620 634 1800 694 ordinationi
1823 632 1947 713 Georgii
1968 633 2134 695 Anhaltini.

353 723 402 782 17.
424 719 575 780 Lutherus
595 721 672 779 redit
692 719 890 797 Vitebergam

354 805 405 866 10.
426 807 498 865 Edit
518 803 649 883 Lycurgi
669 806 832 865 orationem
852 824 968 883 graece,
991 806 1119 865 dicatam
1141 804 1246 865 Nobili
1266 824 1285 865 a
1305 802 1473 866 0511555115.

351 891 401 952 14.
424 891 512 950 Bulla
531 890 634 969 Papae
655 892 692 949 de
714 890 839 952 coneilio
861 891 1035 951 Tridentino
1055 891 1233 953 inchoando.

351 978 403 1037 16.
424 979 554 1036 Annona
575 985 620 1036 551
640 976 828 1052 Vitebergae.

425 1062 563 1120 Exeunte
588 1065 723 1138 Augusto
745 1081 811 1120 cum
833 1060 993 1121 mnenon
1014 1061 1187 1122 Burobardo
1209 1063 1378 1141 expatiatur
1397 1062 1430 1122 in
1450 1062 1622 1123 biarchiam.

312 1192 319 1206 .
351 1149 402 1208 14.
422 1149 548 1206 Moritur
568 1147 818 1224 Archiepiseopue
838 1146 1039 1224 Moguntinus.

424 1233 495 1293 Hoc
515 1252 616 1292 mense
639 1231 748 1292 bellum
769 1241 868 1292 movet
885 1230 1034 1292 Heuricua
1054 1232 1289 1294 Brunevicemis.
1492 1248 1503 1264 ·
1645 1257 1656 1302 ι

376 1322 403 1378 1.
424 1314 500 1377 Cum
522 1317 653 1377 Luchero
674 1319 872 1395 proficiscitur
892 1316 1104 1379 Mausleldiam.

374 1405 404 1465 5.
425 1402 539 1462 Narrat
560 1403 668 1462 bellum
691 1421 757 1461 cum
779 1402 911 1461 ilenrico
932 1401 1017 1462 Duce
1038 1402 1195 1464 Brunsvic.

372 1489 402 1550 6.
423 1489 493 1548 1151.
516 1498 546 1548 51
565 1488 713 1548 Lutberna
733 1488 861 1548 redeunt
880 1487 1077 1567 Vitebergam.

355 1577 405 1635 11.
424 1573 578 1720 gammp
589 1570 767 1634 consistorii
788 1573 885 1633 Viteb.
905 1574 1072 1653 scripserat,
1093 1592 1170 1652 quae
1190 1592 1260 1634 vero
1282 1592 1322 1635 cx
1339 1573 1408 1633 aula
1428 1573 1505 1635 redit
1523 1573 1609 1634 valde
1630 1580 1752 1634 mnata

352 1662 403 1721 16.
480 1660 547 1720 5515
579 1660 690 1720 555151.

353 1747 405 1807 18.
426 1744 568 1806 Defendit
589 1765 622 1805 se
643 1762 771 1821 suosque
791 1762 824 1802 se
844 1762 905 1803 non
924 1761 990 1803 5555
1011 1743 1176 1805 desertores
1198 1743 1352 1804 Ecclesiae
1372 1743 1444 1805 Dei.

353 1832 404 1891 11.
425 1832 562 1891 Vincitur
581 1838 610 1888 et
632 1831 745 1908 capitur
766 1827 916 1888 115511555
937 1828 1090 1888 Brunsvic.

351 1917 401 1977 14.
424 1917 653 1992 Vitebergeusea
676 1915 816 1974 nuncium
837 1915 986 1991 accipiunt
1005 1913 1043 1971 de
1064 1922 1152 1993 capto
1173 1912 1306 1975 Henrieo
1327 1913 1455 1977 Brunsv.

351 2001 403 2062 19.
425 2001 585 2061 Intercedit
604 2020 659 2079 pro
681 2000 791 2079 oppido
811 1998 981 2060 Helmstidt
1001 1999 1082 2078 apud
1102 2000 1239 2060 victores.

353 2090 403 2148 31.
423 2088 565 2166 Magnum
586 2088 755 2147 incendium
775 2083 903 2146 Guthae.

307 2215 317 2234 .
371 2174 402 2233 9.
425 2173 605 2234 0555515151
625 2171 827 2232 camerarium
848 2171 886 2230 de
907 2177 1002 2230 morte
1022 2169 1132 2231 fratria

425 2258 495 2319 Hoc
515 2276 616 2318 mense
636 2267 755 2317 enarum
776 2256 938 2316 Ptolemaei
960 2252 1221 2335 Quadripertitum.

376 2347 404 2404 1.
427 2344 577 2404 Promittit
597 2343 669 2403 Vito
690 2342 850 2486 Thepdoro
871 2341 1085 2420 praefationem
1104 2342 1138 2401 in
1158 2340 1282 2401 liutheri
1304 2341 1518 2401 enarrationem
1534 2340 1648 2402 Psalmi
1663 2340 1705 2400 11.
1726 2340 1857 2401 seribere
1876 2348 1907 2402 51
1921 2343 2049 2421 minare,
2069 2364 2160 2425 qnam
2181 2347 2257 2408 vida

278 2456 301 2473 —
365 2446 371 2456 ·
461 2430 489 2488 d.
514 2429 564 2490 15.
582 2429 670 2487 Mart
691 2429 783 2488 154.
1206 2480 1212 2493 .

371 2514 401 2575 8.
422 2513 482 2573 His
502 2514 606 2573 diebus
625 2512 803 2590 Vitebcrgae
823 2512 879 2571 init
899 2511 1040 2571 Albertm
1060 2510 1135 2572 Dux
1155 2511 1305 2572 Prassiae
1350 2508 1537 2572 Camerarius
1555 2511 1676 2593 Lipsiae
1696 2513 1736 2573 ad
1756 2531 1823 2573 5515
1844 2514 1926 2574 venit
1944 2515 2145 2596 Vitebergsm.

353 2601 402 2660 13.
423 2599 585 2660 inchoetur
607 2597 764 2658 concilium
785 2597 1000 2658 Tridentiuum.

425 2687 535 2764 Agitur
557 2686 594 2744 de
616 2683 805 2743 Melanthone
826 2683 971 2743 mittendo
991 2681 1030 2742 ad
1051 2682 1231 2761 colloquium
1252 2681 1407 2743 Ratisbon.

425 2769 568 2849 (lrucigor
587 2780 686 2828 namet
706 2769 777 2828 Vito
797 2768 966 2843 Theodoro,
987 2787 1047 2847 quo
1067 2769 1167 2829 animo
1186 2770 1227 2828 ait
1246 2766 1405 2842 Lutherns,
1427 2769 1507 2848 quod
1528 2769 1636 2829 attinet
1656 2770 1694 2830 ad
1715 2770 1878 2830 doctrinam
1897 2771 1937 2831 de‘
1956 2790 2050 2832 coena
2070 2791 2166 2834 saera.

351 2854 404 2916 11.
424 2856 626 2916 Proficiseitur
648 2872 714 2914 cum
734 2853 867 2914 Lnthero
886 2855 992 2914 iterum
1013 2854 1231 2929 1155515151555,
1251 2873 1418 2933 quanquam
1436 2854 1604 2916 vdecndine
1624 2856 1773 2917 laborans.
1794 2888 1838 2903 -·
1859 2853 2025 2937 Smipserat
2044 2866 2156 2920 statuta
2173 2863 2260 2923 Aca·

457 2943 573 3001 demiae
593 2940 742 3017 Viteberg.

352 3025 403 3087 13.
425 3026 482 3086 1151
502 3027 608 3086 Η5155.
629 3060 673 3073 -
695 3022 810 3087 statuta
830 3025 999 3087 academiae
1018 3026 1099 3105 typis
1120 3025 1336 3088 exsmbuntur.
1549 3099 1552 3103 Ι

351 3110 403 3174 16.
426 3110 483 3172 Fac
503 3111 707 3173 Maneleldiao.
1873 3140 1878 3149 ·

426 3197 581 3259 Praefatur
603 3198 662 3258 hoe
682 3216 763 3257 anno
783 3197 816 3257 in
838 3195 1033 3256 Harmoniam
1053 3197 1091 3257 de
1111 3196 1252 3277 55551555
1272 3192 1386 3257 Christi
1406 3214 1426 3257 a
1447 3193 1579 3276 Georgio
1601 3197 1700 3257 1111555
1718 3198 1837 3259 aditam.

1081 3463 1241 3532 Anno
1275 3465 1403 3533 1546.

231 3655 297 3719 Ian·
378 3656 409 3716 8.
431 3653 480 3715 vel
500 3651 529 3710 d
552 3653 582 3713 4.
605 3655 668 3715 Ian.
689 3653 861 3715 llelantbou
882 3654 1001 3714 domum
1021 3655 1118 3715 rediit.

371 3743 402 3802 7.
424 3740 630 3801 Inchoatur
650 3739 853 3801 concilium
874 3739 1148 3803 Tridentiuum.

317 3880 320 3885 .
372 3827 403 3888 8.
427 3827 497 3887 1151.
519 3826 630 3887 indicat
649 3829 686 3886 de
706 3827 818 3905 scripto
839 3827 965 3905 quodum
986 3823 1105 3901 Β55511,
1127 3847 1148 3886 5
1165 3826 1356 3905 mndgravio
1376 3826 1414 3886 ad
1436 3826 1486 3887 Pr.
1507 3825 1673 3887 illectorem
1693 3826 1795 3888 misso.

372 3915 401 3974 9.
424 3912 578 3973 Pontanue
600 3915 750 3973 dissuadet
768 3912 901 3990 Principi
919 3906 1059 3987 Electori,
1080 3932 1120 3972 ne
1136 3913 1358 3976 Melanthonem
1375 3913 1474 3972 mittat
1493 3911 1687 3973 Retiebunam
1707 3913 1747 3973 ad
1767 3911 1955 3992 colloquium.

424 3999 493 4058 Mel
514 3999 546 4056 in
568 3999 671 4060 schola
690 4007 807 4058 5551151
827 4000 911 4077 epist
931 3998 970 4057 ad
988 3997 1148 4062 Romanos.

351 4086 400 4146 10.
423 4083 641 4162 Heidelbergae
664 4085 826 4144 celebratur
846 4102 940 4145 coena
959 4101 1042 4144 55515
1062 4085 1117 4145 sub
1139 4094 1263 4163 utraque
1283 4084 1385 4163 specie
1407 4091 1437 4143 et
1457 4082 1558 4163 lingna
1575 4084 1742 4145 vernacula.

422 4171 492 4231 1151.
516 4189 583 4230 cum
603 4167 764 4248 Crueigero
785 4180 815 4229 et
838 4168 949 4246 Georg.
971 4168 1149 4231 1151515551
1169 4170 1287 4250 Torgae
1307 4170 1340 4228 in
1360 4169 1439 4244 aula,
1459 4170 1510 4229 ubi
1526 4170 1630 4230 scribit
1649 4170 1790 4230 indicium
1811 4170 1849 4230 de
1871 4168 2021 4251 colloquio
2041 4167 2207 4237 Ratisbo'n.

349 4256 399 4316 16.
422 4252 544 4315 Gratiae
565 4257 627 4335 ugit
647 4255 725 4334 Regi
743 4255 861 4314 Daniae
881 4273 938 4332 pro
961 4256 1002 4315 50
1022 4255 1219 4330 15555ὶωί515,
1241 4258 1322 4315 douo
1343 4256 1481 4334 acceptis.

225 4406 232 4423 ι
346 4341 397 4400 19.
419 4339 568 4420 Georgius
589 4343 687 4401 Maior
708 4351 738 4400 et
758 4340 934 4400 Laurentius
956 4340 1038 4400 Zoeh
1059 4343 1286 4419 proficiscuntur
1307 4342 1346 4399 ad
1365 4349 1539 4399 conventum
1560 4339 1717 4417 Ratiebou.

345 4424 395 4486 13.
418 4426 488 4488 Mel.
511 4429 680 4488 mandatum
702 4427 789 4486 habet
811 4427 948 4501 aulicum,
971 4434 1005 4485 ut
1025 4428 1136 4487 scribat
1155 4428 1372 4487 recusationem
1394 4426 1511 4485 concilii
1532 4426 1706 4486 Tridentini.
1750 4422 1819 4487 Hoc
1836 4427 1884 4485 die
1905 4425 2066 4486 liutherum
2087 4433 2249 4505 poetrerm

451 4515 525 4573 vidit
545 4515 711 4586 viventem,
737 4520 772 4572 ut
791 4512 857 4591 ipse
877 4520 1001 4572 testatur
1021 4514 1052 4572 in
1075 4514 1160 4590 epist.
1179 4514 1218 4573 ad
1240 4512 1399 4572 Beseldum
1420 4512 1448 4571 d.
1471 4510 1569 4572 (1.13.
1592 4510 1656 4571 Ian.
1681 4513 1772 4572 1547.
1790 4545 1834 4555 -
1860 4512 1930 4573 1151.
1952 4512 2106 4572 laborabat
2127 4514 2247 4574 valetu-

451 4601 529 4660 dine.
574 4600 643 4660 Hoc
672 4600 720 4658 die
741 4596 933 4658 Lutherue
965 4599 1023 4657 iter
1055 4599 1207 4675 ingressus
1234 4609 1281 4657 est
1299 4597 1512 4656 Maneieldiam.
1558 4595 1608 4658 Sic
1634 4598 1735 4657 scribit
1757 4598 1932 4658 llattbesiua
1957 4598 1989 4660 in
2016 4599 2079 4657 vita
2106 4596 2244 4660 Lutberi.

451 4682 510 4745 Sed
533 4687 569 4744 de
592 4686 721 4745 Wettius
743 4693 837 4763 putat,
858 4683 1021 4743 Lutberum
1040 4686 1068 4743 d.
1092 4685 1143 4743 14.
1166 4683 1296 4743 Ianuarii
1317 4683 1481 4761 proiectum
1503 4700 1583 4757 5555,
1606 4703 1642 4742 ea
1658 4687 1695 4744 de
1716 4702 1805 4743 causa
1826 4685 1878 4760 (de
1897 4683 1986 4745 Wett.
2006 4703 2073 4762 epp.
2091 4682 2184 4745 Luth.
2204 4686 2242 4748 V.

450 4791 479 4849 p
495 4770 637 4848 xxm),
659 4781 691 4830 nt
713 4772 810 4828 addit:
835 4770 1041 4847 ἣ1555151555
1060 4771 1168 4845 [nectet
1186 4784 1248 4833 com
1268 4768 1381 4844 151155,
1400 4772 1485 4844 51155
1505 4771 1581 4844 15515
1598 4788 1644 4831 um
1663 4771 1681 4830 8
1701 4768 2132 4847 51515555555551555555
2158 4786 2243 4833 55555

450 4859 1007 4938 555555155155511555551555551
1027 4873 1094 4926 oct,
1120 4858 1147 4933 15
1166 4859 1255 4928 relicte
1280 4874 1308 4917 55
1330 4854 1573 4928 5551415555.1
1593 4889 1636 4901 -
1657 4855 1745 4914 Putat
1767 4857 1884 4932 quidem
1905 4857 1942 4915 de
1965 4854 2104 4927 Wettins,
2125 4854 2242 4919 Luchs·

449 4960 515 5001 rum
537 4944 611 5002 hora
631 4953 735 5002 octava
755 4943 972 5019 vespertina
993 4939 1100 5000 Halam
1122 4943 1290 5014 advenisee3
1314 4942 1366 5000 sed
1384 4942 1449 5000 sine
1466 4941 1554 4999 dubio
1572 4940 1645 5000 bora
1659 4944 1688 5003 8.
1709 4942 1897 5000 matutina
1917 4960 1952 5000 eo
1971 4942 2059 4999 venit.
2086 4938 2242 5003 Lachanna

451 5029 529 5086 enim
550 5030 587 5087 ad
610 5046 733 5088 uxorem
756 5029 785 5090 d.
811 5027 940 5089 15155.
964 5027 1082 5088 scribite
1106 5028 1192 5103 „mu
1209 5029 1266 5103 1151
1284 5026 1322 5105 bc
1333 5035 1391 5089 ute
1408 5046 1455 5088 55
1473 5031 1529 5100 5551
1547 5026 1607 5103 libr
1626 5047 1658 5108 pu
1675 5028 1755 5099 65115
1772 5028 1943 5098 55155555,
1962 5029 2026 5088 obet
2043 5024 2151 5104 [brute]
2171 5032 2240 5105 5555

451 5116 579 5176 (litlebec
597 5117 668 5185 51551
686 5114 814 5191 55155155
821 5133 830 5187 3
855 5114 927 5176 1555
952 5120 980 5177 51
1004 5115 1144 5192 beurgum
1165 5113 1647 5190 551515555555111515511515115
1671 5117 1721 5175 urit
1738 5112 1942 5192 dilationemr
1969 5112 2148 5189 5515551511
2169 5114 2240 5176 dit·

450 5202 561 5277 155155
586 5198 673 5277 (Sala
690 5201 870 5278 exundans).
924 5199 973 5263 65
996 5201 1111 5265 1555155
1135 5202 1188 5264 ott
1212 5205 1276 5275 5555
1295 5201 1366 5270 uidit
1383 5200 1479 5262 1515155
1498 5200 1708 5280 5515155555
1727 5211 1781 5263 555
1798 5216 1891 5277 155555
1915 5199 1961 5260 bct
1978 5199 2100 5269 115115,
2123 5200 2239 5276 mefites
