4718 6008
893 269 1398 341 ·tsrtnaunsvns1t
2138 271 2185 342 90

264 446 270 458 ’
400 464 458 538 siin
484 482 517 545 qu
539 464 623 536 osne
648 463 770 546 qniiuhen
793 463 844 528 hest
869 461 997 543 molleta
1019 463 1084 541 111111
1108 464 1226 544 iicqca.“
1278 462 1358 525 Satis
1379 463 1567 542 perspicuum
1593 470 1653 536 est,
1679 460 1835 541 epistolam
1861 463 2029 540 vespertino
2051 472 2186 543 tempore

400 567 465 608 esse
493 550 632 629 scriptam
662 557 691 608 et
725 568 846 608 namara
871 549 1096 628 impedimenta,
1134 570 1210 628 quae
1236 552 1293 610 iter
1323 550 1393 609 hoc
1420 550 1480 608 die
1504 549 1718 627 impediverint.
1770 545 1841 607 Non
1868 550 1958 627 igitu'r
1985 550 2059 608 hora
2080 557 2185 609 octava

400 637 582 712 vespertina,
610 635 661 694 ubi
688 653 788 695 mense
820 634 958 695 ianuario
979 656 1066 695 nemo
1087 637 1118 695 iu
1139 637 1246 698 itinere
1274 636 1438 715 periculoso
1460 654 1583 712 pergere
1605 635 1693 707 solet,
1721 634 1773 693 sed
1799 635 1943 694 matutina
1963 635 2072 694 Halam
2094 636 2184 698 venit.

399 719 561 780 liutherum
581 730 676 780 autem
695 721 770 781 duos
792 716 886 780 dies
876 741 909 781 m
928 722 1033 781 itinere
1052 723 1259 796 consumsisse,
1280 731 1309 781 et
1330 724 1377 782 die
1399 722 1485 780 tertio
1507 739 1594 779 mane
1614 722 1730 780 demum
1746 719 1855 781 Halam
1877 723 1994 781 venisse
2016 721 2184 791 verosimile

400 814 454 876 est,
498 806 618 867 Diserte
641 807 712 867 dicit
737 807 868 867 Muldam
896 826 1028 885 quoque,
1057 826 1134 884 quae
1160 810 1257 867 media
1284 809 1349 867 fluit
1373 809 1450 866 inter
1477 806 1666 884 Vitebergam
1689 816 1723 882 et
1744 805 1871 881 lislam,
1898 808 1984 867 valde
2007 808 2183 868 exundasse.

398 892 459 951 Iter
485 893 575 970 igitur
606 893 806 952 exundatione
837 893 925 951 huius
957 893 1087 952 fluminis
1112 894 1292 972 rapidissimi
1318 894 1433 952 videtur
1454 893 1625 970 impeditum
1649 909 1724 951 esse.
1768 892 1893 953 Accedit
1915 893 1994 973 quod
2015 910 2116 952 mense
2137 892 2202 953 la·-

398 978 504 1037 nuario
523 979 577 1039 lux
599 979 658 1038 diei
680 978 776 1037 brevis
797 979 892 1037 adhuc
915 987 969 1052 est,
991 985 1020 1037 et
1041 980 1121 1056 quod
1142 981 1207 1039 viae
1228 980 1281 1039 illo
1303 988 1434 1056 tempore
1456 986 1539 1037 eraut
1555 977 1618 1037 luto
1640 977 1792 1055 squalidae
1814 986 1844 1038 et
1861 979 1986 1040 cderem
1999 996 2117 1039 cursum
2129 979 2184 1038 im·

398 1064 565 1163 pediehant.
611 1062 698 1165 Quod
721 1066 747 1124 si
768 1064 858 1142 igitur
879 1064 1026 1123 Lutherus
1048 1084 1109 1124 non
1126 1066 1223 1144 primo
1247 1085 1334 1135 mane
1361 1065 1414 1124 sed
1439 1062 1500 1122 iere
1522 1063 1595 1122 hora
1616 1073 1720 1123 octava
1741 1063 1789 1122 vel
1809 1066 1939 1126 nonad.
1962 1065 2014 1124 83.
2037 1065 2100 1123 ian.
2127 1065 2184 1123 iter

398 1149 550 1226 ingressus
574 1159 633 1222 est,
661 1150 713 1207 vix
738 1150 834 1229 potnit
852 1150 989 1227 progredi
1009 1169 1101 1229 usquc
1123 1151 1161 1209 ad
1184 1152 1324 1210 Muldsm.
1368 1149 1436 1209 Hoc
1456 1149 1546 1227 igitur
1573 1149 1681 1208 flumen
1710 1150 1739 1209 d.
1762 1148 1812 1209 84.
1834 1150 1983 1228 superavit
2011 1158 2041 1210 et
2067 1149 2184 1211 venisse

400 1235 516 1294 ridetur
536 1239 629 1314 usque
651 1236 690 1295 ad
711 1236 883 1314 oppidulum
904 1234 1087 1315 Landsberg,
1109 1238 1238 1297 unded.
1263 1237 1313 1298 85.
1335 1226 1409 1295 hora
1430 1244 1535 1295 octava
1556 1238 1700 1295 matutina
1719 1235 1838 1295 ιιιιιιι
1859 1235 1977 1295 Haiam.

176 1308 241 1380 Ian.
291 1320 342 1379 84.
365 1319 571 1398 Landgravius
596 1322 697 1380 scribit
720 1323 757 1381 ad
781 1319 1028 1397 GrnnveIlanum,
1055 1342 1202 1383 rumorem
1219 1323 1348 1400 undique
1376 1338 1509 1400 sparsum
1538 1339 1619 1396 csse,
1632 1318 1803 1382 'Caesarem
1830 1322 1929 1381 moliri
1950 1320 2060 1380 bellum
2081 1328 2184 1381 conns

400 1407 611 1466 Protestantes.

246 1567 249 1571 ⁴
292 1489 344 1551 87.
365 1491 485 1550 Initium
513 1493 698 1553 comitiorum
718 1492 1049 1554 Ratisbonensiumn-
1076 1493 1248 1555 Melanthon
1273 1497 1355 1574 (cum
1376 1491 1444 1553 aliis
1464 1491 1625 1570 theologis)
1649 1492 1755 1552 decem
1775 1491 1881 1552 litteris
1901 1491 2053 1551 mandavit
2072 1490 2184 1551 iudicia

384 1587 413 1636 et
435 1579 558 1638 consilia
578 1580 617 1638 ιι
638 1579 717 1638 hunc
739 1588 914 1639 conventum
935 1580 1107 1656 spectantia

175 1659 263 1724 Febr
315 1665 344 1722 4.
365 1663 458 1722 Mittit
479 1659 607 1724 cordato
629 1665 860 1745 propositiones,
894 1676 926 1724 ut
945 1665 984 1725 de
1004 1664 1042 1725 iis
1068 1666 1100 1724 ιι
1121 1665 1306 1746 promotione
1331 1664 1483 1725 doctorum
1510 1663 1750 1742 disputetur.-
1776 1661 1861 1723 Alter
1889 1680 2044 1734 consessus
2065 1660 2183 1722 concilii

398 1747 575 1810 Tridentini.

313 1834 343 1894 5.
365 1834 545 1894 Inchoantur
566 1836 714 1913 colloquia
734 1834 970 1915 theologorum
960 1855 993 1896 ιι
1012 1845 1159 1898 conventu
1179 1837 1305 1912 Ratish,
1326 1837 1378 1898 ubi
1399 1837 1430 1897 M
1436 1835 1599 1896 alrenda
1619 1834 1749 1918 disputat
1770 1835 1806 1894 de
1827 1833 2077 1921 iustificatione.-

291 1921 341 1980 10.
365 1917 514 1997 Georgius
531 1921 628 1982 Maior
648 1922 765 1999 prolixe
786 1923 897 1997 scribit,
920 1924 990 2001 quid
1011 1932 1108 1983 actum
1126 1924 1165 1984 sit
1185 1923 1377 1984 Ratishonae.
2032 1972 2034 1977 .

291 2005 339 2066 18.
362 2004 463 2065 Monet
485 2006 674 2067 Matthesium
697 2016 730 2066 ut
746 2016 830 2066 caute
852 2017 945 2068 mutet
965 2010 1040 2069 ritus
1061 2008 1286 2070 ecclesiasticos.

291 2091 341 2153 18.
364 2089 556 2152 Lutherus
575 2094 741 2154 moritur

291 2177 339 2236 19.
360 2176 532 2237 Melanthea
552 2179 658 2256 accipit
678 2177 770 2237 lonae
791 2178 947 2257 epistolam
967 2181 1005 2240 de
1024 2188 1120 2243 morte
1134 2177 1269 2256 liutheri,
1291 2181 1412 2260 eiusque
1434 2124 1545 2239 obitum
1563 2176 1676 2237 indicat
1697 2174 1930 2236 auditoribusin
1952 2173 2063 2235 schola

289 2260 341 2322 80.
363 2259 486 2322 Lutheri
507 2282 615 2344 corpus
636 2264 745 2323 Halam
767 2260 928 2326 advehitur.

290 2348 341 2410 81.
362 2345 489 2410 Senatus
512 2351 704 2423 Academiae,
726 2349 886 2429 interprete
907 2351 1111 2429 Melanthone,
1136 2353 1249 2413 indicat
1269 2351 1424 2425 ιιιιιιΙιι,
1445 2349 1551 2430 quibua
1571 2346 1693 2408 Lutheri
1714 2364 1822 2426 corpus
1843 2347 2048 2425 excipiendum
2068 2347 2115 2409 sit.
2138 2380 2181 2394 -

395 2431 521 2494 liutheri
542 2454 649 2513 corpus
668 2434 869 2539 Kambergam
890 2439 980 2500 venit.

289 2517 341 2584 88.
360 2517 434 2578 Post
455 2521 606 2580 meridiem
628 2519 750 2580 Lutheri
771 2524 894 2582 οιιιιιι
916 2524 1087 2583 adferuntur
1106 2523 1296 2602 Vitebergam
1319 2531 1349 2582 et
1377 2539 1484 2601 corpus
1503 2520 1655 2598 reponitur
1674 2519 1708 2578 in
1728 2494 1864 2579 Ecclesia
1883 2518 1970 2579 arcis.
2009 2517 2182 2578 Melanthon

397 2605 486 2663 hahet
505 2607 668 2667 orationem
689 2608 721 2666 in
740 2606 862 2668 Lutheri
883 2607 1033 2670 honorem.

174 2689 262 2751 Mart.
320 2693 349 2751 1.
370 2690 570 2752 Melanthonis
591 2694 711 2752 oratio
702 2712 733 2752 ιι
752 2692 855 2752 funem
877 2691 1000 2753 liutheri
1018 2695 1167 2755 recuditur
1187 2692 1319 2774 Lipsiae,
1339 2693 1387 2753 cui
1409 2692 1477 2752 Mel.
1499 2691 1642 2770 quaedam
1664 2684 1785 2750 addidit.

202 2840 204 2842 ,
367 2774 547 2837 ΟοιιοΙιιιι
568 2778 749 2858 Myconium,
770 2779 856 2838 morti
876 2780 1052 2856 proximum.

311 2862 341 2923 5.
363 2861 506 2942 Princeps
524 2863 643 2924 Elector
663 2864 769 2924 litteris
786 2873 939 2924 monuerat
948 2865 1177 2941 Melanthonem
1196 2864 1393 2926 Pomeranum
1415 2861 1656 2940 etCrucigernm,
1678 2868 1712 2922 ut
1731 2878 1849 2922 causam
1870 2857 1993 2920 Lutheri
2011 2866 2182 2945 constanter,

396 2966 485 3026 agere
504 2958 676 3029 pergerent,
697 2951 744 3009 cui
764 2951 897 3029 theologi
917 2953 1105 3030 respondent,
1126 2969 1159 3012 se
1179 2952 1237 3010 hoc
1257 2952 1336 3011 hona
1354 2950 1413 3010 tide
1432 2948 1562 3009 facturos
1583 2965 1658 3008 esse.

280 3031 341 3113 (8.)
362 3032 433 3094 Mel.
455 3035 559 3094 scribit
578 3037 794 3114 propositiones
816 3044 920 3096 contra
940 3036 1116 3099 Malveudae
1136 3038 1312 3098 ιιιιιιιιιιιι
1334 3038 1371 3096 ιι
1391 3034 1606 3096 iustificatione.

309 3118 338 3180 8.
361 3119 692 3201 Mittit'propositiones
712 3131 815 3182 conus
835 3121 1032 3185 Malrendam.

310 3205 339 3266 9.
362 3204 483 3284 Accipit
503 3225 581 3266 nova
602 3209 750 3283 mandata,
770 3227 790 3267 a
811 3207 921 3270 carolo
942 3205 1071 3270 Caesare
1090 3210 1123 3270 in
1144 3215 1288 3269 conventu
1309 3207 1388 3268 data

288 3289 338 3354 18.
359 3291 451 3351 Mittit
472 3291 619 3370 Ziegiero,
640 3293 780 3372 theologo
798 3292 892 3372 Lipa,
913 3296 1077 3356 orationem
1098 3295 1169 3377 usqi
1190 3289 1302 3376 cdxciv,
1324 3294 1377 3353 sed
1397 3293 1462 3353 sine
1482 3290 1609 3370 epilogo.

360 3376 438 3436 Med.
460 3396 561 3437 mense
583 3378 811 3439 liecusationem
831 3378 947 3440 concilii
963 3378 1129 3443 Tridentini
1146 3382 1238 3440 latine
1259 3380 1355 3442 vertit.

359 3459 501 3540 Princeps
523 3463 642 3524 Elector
662 3466 753 3540 iubet,
774 3474 808 3524 ut
829 3465 911 3526 missi
935 3466 972 3526 ab
991 3487 1026 3527 eo
1045 3467 1077 3527 in
1097 3475 1274 3528 conventum
1295 3467 1415 3526 domum
1435 3462 1566 3524 redeant.

285 3546 338 3608 80.
359 3545 492 3607 Βιιιιιι
512 3549 574 3608 abit
591 3569 629 3609 ex
651 3559 794 3611 conventu
811 3549 926 3612 Rsh'sh.

285 3631 337 3695 85.
360 3632 514 3693 Praefatur
534 3635 566 3693 in
586 3634 709 3696 Lutheri
732 3637 946 3698 enarrationem
963 3638 1076 3701 Psalmi
1095 3639 1217 3699 secundi
1237 3656 1258 3699 a
1278 3637 1350 3699 vito
1370 3634 1529 3698 Theodoro
1550 3631 1666 3692 editam·

287 3716 338 3780 88.
359 3718 514 3797 Philippus
535 3719 739 3799 Landgravius
761 3733 807 3784 est
828 3725 908 3804 apud
928 3722 1069 3787 carolum
1086 3723 1244 3786 Caesarem
1266 3719 1380 3803 Spirae.

360 3804 532 3864 Melanthon
553 3824 572 3865 a
594 3805 733 3910 Principe
750 3810 888 3870 Palatino
911 3820 1031 3871 vocatur
1047 3810 1287 3890 Heidelbergam.

359 3888 544 3949 Praefatur
534 3910 566 3949 ιι
585 3887 709 3972 Οιιιιιςι
701 3895 786 3954 eseri
807 3896 1035 3974 disputationem
1056 3898 1094 3955 de
1115 3896 1314 3956 Matrimonio.

166 3903 904 4056 Δριι1.1.οοιιιιιιι11ιςιιιωειΡιοιιιιιιιιιιι
924 3980 1119 4060 wormatiae,
1159 3980 1381 4061 (Discesserunt
1400 3979 1429 4039 d
1452 3977 1502 4038 88.
1522 3975 1611 4052 Apr.)

302 4061 332 4120 4.
356 4059 432 4121 Fere
452 4062 509 4121 hoc
531 4063 579 4122 die
600 4060 711 4145 Georg
734 4067 830 4126 Maior
851 4085 889 4125 ex
911 4076 1056 4176 conventu
1077 4069 1157 4128 venit
1176 4067 1375 4145 Vitehergam.
1638 4102 1640 4109 ·

303 4147 332 4206 7.
354 4148 547 4225 Myconius
567 4150 731 4211 moritur.
1094 4221 1096 4224 Α

303 4231 333 4294 8.
355 4233 475 4293 Tertius
497 4253 653 4295 consessus
674 4235 793 4297 concilii
813 4235 990 4298 Tridentini.
1076 4272 1082 4279 ·

282 4318 331 4378 18.
354 4317 432 4379 Fere
452 4319 510 4379 hoc
532 4321 581 4379 die
600 4320 670 4380 Mel.
692 4322 863 4382 academiae
883 4321 1021 4383 Francos.
1044 4322 1146 4383 scrrhit
1167 4322 1205 4382 de
1224 4323 1417 4401 poenitentia.

281 4402 332 4462 16.
351 4402 383 4463 H
390 4424 607 4480 ermannus,
628 4407 880 4488 Archiepiscopus
901 4407 1100 4482 Coloniensis,
1122 4410 1393 4468 excommunicatur
1411 4426 1431 4467 a
1450 4404 1542 4482 Papa.

280 4490 329 4549 17.
352 4488 520 4553 Fridericus
542 4489 753 4574 Staphylus
774 4494 901 4554 mittitur
920 4494 952 4554 in
975 4494 1168 4555 Academiam
1189 4494 1464 4574 negiomonasam.

352 4576 420 4635 Μι1.
440 4587 542 4637 narrat
563 4577 716 4638 Materiam
737 4580 775 4638 de
795 4581 995 4640 internecione
1016 4580 1124 4643 Dinia

277 4660 328 4721 80.
351 4659 542 4742 Hamburgse
563 4666 729 4742 disputatur
750 4666 787 4725 de
809 4668 965 4728 descensu
973 4666 1085 4728 Christi
1106 4665 1146 4726 ad
1164 4664 1284 4737 inferos.

278 4745 328 4809 80.
349 4748 420 4808 Mel.
443 4749 547 4810 indicit
569 4752 783 4811 enarrationem
804 4753 946 4830 epistolae
968 4754 1006 4812 ad
1027 4753 1188 4814 Βοιιιιοι.

234 4829 264 4891 h.
287 4850 326 4891 m.
347 4832 492 4894 Indicium
513 4837 719 4914 theologorum
741 4838 778 4896 de
799 4838 878 4898 hello
898 4857 964 4898 cum
987 4838 1124 4899 Caesare.

158 4913 232 4978 Mai.
275 4918 324 4977 14.
348 4920 416 4978 Mei.
437 4922 535 4983 adV.
559 4922 764 4983 Theodorum.
790 4919 991 5000 ,circumfero
1013 4924 1150 4986 assiduos
1171 4923 1346 4983 ιιιιιιιιι
1338 4941 1398 4982 nm
1420 4927 1545 5001 quatuor
1565 4918 1715 4979 mensibus
1734 4938 1773 4980 ex
1795 4915 1908 4977 calculo
1930 4919 2041 4978 οιιιι.11
2099 4941 2107 4955 ·

251 5004 327 5063 med.
350 5004 497 5083 Theologi
519 5008 616 5068 Viteb
639 5010 817 5088 respondent
838 5011 875 5068 ad
898 5012 1113 5087 quaestionem.
1133 5029 1172 5069 an
1194 5010 1373 5087 colloquium
1393 5009 1431 5069 de
1451 5007 1595 5086 religione
1616 5007 1723 5065 iterum
1745 5003 1945 5065 inchoandum
1967 5004 2015 5065 sit.

276 5092 324 5150 19.
346 5086 478 5168 Lipsiam
503 5094 698 5167 proficiscitur
717 5095 754 5152 ad
776 5096 932 5156 nundinas.

350 5174 418 5236 Hoc
439 5186 568 5256 tempore
591 5177 716 5239 Carolus
738 5180 903 5260 Imperator
925 5182 1004 5242 venit
1024 5180 1229 5242 Ratisbonam.
