4718 6000
92 1973 264 2093 Absolute
290 2010 424 2097 tandem
449 2031 548 2105 opere
573 2005 855 2118 hlelantboniano,
882 2000 968 2103 illud
990 2000 1098 2075 adhuc
1123 2025 1143 2074 a
1169 2001 1265 2075 nobis
1291 2003 1362 2075 iure
1389 2001 1475 2100 erigi
1496 2026 1596 2100 posse
1622 1999 1803 2093 videbatur,
1831 2011 1870 2075 ut
1892 1967 2020 2077 indices
2045 2000 2108 2076 ad·

95 2174 262 2262 simmam,
289 2189 428 2267 quorum
454 2186 517 2259 ope
542 2160 670 2255 singula
695 2157 837 2254 Philippi
863 2156 982 2253 scripta
1013 2156 1269 2252 persolumina
1294 2155 1408 2250 viginti
1434 2168 1509 2229 octo
1541 2156 1697 2255 disposita
1730 2157 1834 2231 lector
1860 2154 1947 2228 iacili
1973 2154 2108 2251 negotio
2187 2229 2192 2239 ,

96 2326 244 2428 invenire
270 2330 389 2419 posset.
430 2314 604 2388 Habentur
629 2306 783 2411 equidem
810 2306 971 2385 eiusmodi
997 2308 1122 2382 indices
1147 2319 1218 2383 bam
1243 2309 1380 2404 singulis
1405 2309 1625 2385 voluminibus
1651 2311 1800 2408 praelixi,
1827 2320 1898 2384 bam
1925 2310 1959 2382 in
1980 2307 2108 2382 decimo

98 2479 248 2567 collceti;
289 2475 347 2549 sed
381 2493 489 2568 neque
521 2465 693 2540 commode
723 2464 766 2538 ad
800 2475 851 2537 tot
889 2463 1054 2536 volumina
1086 2462 1260 2536 evolvenda
1295 2461 1466 2558 ablegatur
1504 2464 1561 2561 qui
1601 2487 1704 2535 unum
1744 2464 1879 2536 iortassc
1915 2462 2108 2559 opusculum
2205 2480 2213 2503 ⁸

98 2655 239 2707 unamve
266 2629 436 2727 epistolam
463 2622 608 2721 quaerit,
636 2631 671 2693 et
694 2643 770 2692 sero
797 2619 900 2690 multa
925 2617 1152 2714 supplementa
1177 2615 1387 2713 postmodum
1412 2628 1642 2709 accreverunt,
1671 2640 1756 2715 quae
1783 2619 1818 2689 in
1849 2617 1919 2690 istis
1946 2614 2111 2689 indicibus

99 2784 239 2858 indicari
270 2806 337 2855 non
371 2784 558 2877 potuerunt
613 2773 788 2847 Communi
822 2772 934 2868 itaque
959 2767 1132 2842 commodo
1159 2770 1282 2866 optime
1308 2770 1354 2842 ita
1380 2750 1565 2844 consultum
1592 2771 1632 2843 iri
1658 2773 1858 2868 putarimus,
1892 2781 1931 2843 ut
1956 2770 2014 2874 (psi
2040 2770 2132 2843 sin·.

100 2939 188 3036 gulis
213 2933 430 3010 voluminibus
465 2927 599 3028 praebri
632 2928 697 2999 iam
723 2923 1060 3014 habentur-indices,
1093 2924 1128 2996 in
1154 2929 1254 2996 unam
1280 2923 1425 2997 tabulam
1452 2925 1639 3020 generalem
1665 2921 1692 3008 l
1717 2926 1966 3021 colligerentur,
2003 2934 2112 2997 totum

101 3092 217 3187 viginti
244 3099 318 3162 octo
344 3085 546 3159 voluminum
578 3105 661 3179 opus
687 3081 823 3177 eiusque
855 3077 1102 3175 dispositionem
1128 3101 1196 3150 uno
1223 3078 1316 3175 quasi
1348 3077 1465 3151 obtutu
1492 3079 1714 3152 exhibentem.
1768 3079 1857 3151 Huic
1881 3077 2111 3152 subiunximus

103 3245 249 3320 indicem
270 3242 298 3324 B
323 3239 565 3338 alphabeticum
591 3259 705 3308 eorum
731 3233 902 3305 hominum
929 3232 971 3304 ad
997 3254 1080 3329 quos
1104 3231 1296 3304 blelanthon
1322 3233 1475 3331 epistolas
1501 3233 1717 3330 praelationes
1743 3231 1864 3305 iudicia
1890 3232 2034 3329 scripsit,
2070 3254 2112 3304 ex
2161 3307 2163 3311 ,
2255 3212 2258 3217 ’

103 3399 272 3474 volumine
304 3394 432 3468 decimo
465 3391 575 3466 denuo
607 3411 813 3488 expressum,
850 3386 910 3460 sed
942 3385 1153 3488 emendatum
1178 3396 1278 3484 atque
1303 3395 1454 3477 auctum,
1481 3388 1716 3485 supplementis
1743 3409 1827 3485 quae
1854 3394 2114 3484 persequentes

105 3565 215 3627 tomos
239 3573 349 3648 sparsa
374 3551 529 3642 leguntur
553 3568 613 3618 suo
639 3541 793 3641 quodque
825 3543 898 3613 loco
925 3540 1072 3630 insertis,
1106 3540 1225 3613 omissa
1252 3544 1464 3615 annotatione
1490 3543 1659 3632 historica,
1696 3565 1795 3640 quam
1822 3540 1993 3640 quaerenti
2020 3539 2115 3612 iacile

107 3705 280 3806 praebebit
304 3714 412 3775 tomus
438 3701 594 3773 decimus.
647 3699 747 3769 Hunc
772 3696 940 3792 excipiunt
965 3695 1110 3793 quinque
1136 3694 1277 3787 indices,
1309 3692 1334 3775 0
1361 3652 1499 3769 aliorum
1529 3697 1670 3770 virorum
1697 3721 1837 3794 quorum
1862 3707 1933 3768 tum
1960 3676 2116 3791 epistolae

108 3873 182 3934 tum
207 3859 270 3931 alia
296 3857 413 3952 scripta
435 3851 712 3928 ldelanthonianis
733 3850 920 3923 intermixta
946 3850 1119 3943 leguntsu,
1147 3845 1456 3928 btcstimoniorum
1482 3873 1502 3922 a
1524 3851 1674 3946 Philippo
1700 3848 1871 3938 datorum,
1897 3846 1927 3929 Ε
1953 3847 2115 3919 dictorum

109 4013 305 4113 philothecis
331 4009 578 4106 inseriptomm,
611 4000 635 4085 ll
662 3972 917 4100 praelationum,
950 3997 1196 4082 Giudiciorum
1223 4002 1433 4076 consiliorum
1467 4004 1708 4096 narrationum,
1735 4013 1769 4075 ct
1794 4002 1855 4101 ipsi
1883 4024 1925 4074 ex
1949 3999 2116 4074 volumine

111 4169 240 4241 decimo
266 4166 414 4263 repetiti,
442 4163 500 4235 sed
526 4160 662 4232 correcti
689 4167 723 4231 et
747 4155 899 4252 suppleti.
953 4155 1021 4242 Qui
1047 4164 1126 4226 tunc
1151 4165 1333 4252 sequuntur
1358 4157 1482 4230 indices
1517 4158 1679 4256 quinque,
1710 4156 1738 4237 ll
1764 4156 1973 4252 epistolarum
2000 4155 2117 4252 alpha·

111 4324 240 4396 beticus
265 4344 324 4416 per
350 4318 463 4404 initia,
490 4315 503 4394 l
530 4325 564 4387 et
588 4312 618 4394 ll
644 4310 843 4398 carminum,
880 4308 1137 4399 Lorationum,
1175 4306 1490 4405 blpropositionum
1517 4323 1551 4384 et
1577 4312 1851 4407 disputationum,
1864 4284 1866 4288 Ι
1879 4308 2015 4381 omnino
2042 4308 2117 4380 novi

113 4482 330 4549 accesserunt
385 4470 438 4542 sd
464 4472 546 4541 haee
580 4468 679 4539 etiam
706 4466 840 4537 annales
872 4463 955 4536 vitae
981 4463 1268 4536 Melanthonianae
1294 4488 1353 4560 per
1379 4488 1495 4536 novem
1520 4467 1628 4569 priora
1654 4465 1817 4537 solumina
1844 4486 1971 4558 sparsos
1997 4464 2116 4534 iterum

72 4591 77 4596 -
114 4628 333 4726 expressimus
358 4626 392 4696 in
420 4648 523 4696 unum
550 4630 731 4715 congestos.
778 4623 886 4692 Emnt
910 4618 1057 4707 fortasse,
1085 4618 1141 4716 qui
1168 4618 1310 4690 indicem
1337 4641 1468 4715 quoque
1494 4642 1603 4690 rerum
1630 4629 1728 4716 atque
1753 4617 1926 4692 verborum
1954 4615 2118 4688 adiectum

114 4785 227 4870 velint,
255 4780 500 4875 amplissimum,
528 4777 638 4847 omnia
665 4777 871 4872 complexum
897 4771 1012 4845 ordine
1038 4770 1255 4867 alphabetico,
1272 4796 1385 4869 ‘quum
1411 4773 1512 4845 nostri
1540 4773 1663 4847 indices
1689 4795 1787 4869 opera
1808 4779 1938 4844 unhrm
1959 4769 2117 4860 indicent,

116 4960 186 5009 non
211 4936 337 5028 singula
365 4957 449 5031 quac
476 4932 515 5002 iis
542 4931 751 5002 continentur
776 4927 921 5016 nomina,
949 4925 1057 5015 verba,
1084 4925 1179 5014 laeta,
1207 4949 1270 5014 res,
1297 4927 1486 4999 sententias.
1535 4927 1601 5013 Qui
1628 4925 1826 5022 expendant,
1854 4923 2014 4997 eiusmodi
2037 4946 2119 5019 opus

118 5112 191 5162 csse
226 5089 348 5160 altioris
388 5086 550 5179 indaginis
585 5082 744 5179 molisque
777 5083 874 5176 longe
910 5079 1041 5152 maioris
1078 5099 1176 5175 quam
1209 5103 1293 5174 quae
1325 5082 1388 5152 hoc
1422 5103 1490 5152 uno
1523 5079 1668 5152 indicum
1694 5080 1860 5156 volumine
1890 5079 1987 5151 umal
2021 5087 2122 5173 quest
