4718 6000
240 412 290 498 tta
894 418 1608 492 ιιιιιιιιιιιιιιιιιιιοιιιοιιιιι.
2216 419 2262 490 ιι

244 621 344 700 April.
369 622 418 681 13.
441 615 550 680 Scribit
570 615 749 676 Academiae
769 613 854 692 Lips.
875 616 912 674 de
931 616 1145 693 compescendo
1157 613 1303 687 Gilberto,
1326 614 1376 691 qui
1396 613 1533 671 docebat:
1554 613 1684 672 divinam
1706 622 1841 672 naturam
1861 613 2024 675 inchristo
2041 631 2161 693 passam
2184 631 2262 676 esse.

443 703 594 783 Georgius
615 698 752 774 Sabinus,
774 719 866 779 gener
886 701 972 776 Mel,
995 702 1157 762 conductus
1179 701 1216 760 ab
1238 700 1377 774 Alberto,
1395 696 1480 759 Duce
1498 697 1648 773 Prassiae,
1668 699 1862 777 proficiscitur
1882 697 2013 779 Spiram,
2034 708 2069 761 ut
2088 702 2261 762 missionem

511 797 553 847 tat
575 806 593 846 a
614 787 794 846 Marcbione.

440 810 561 952 Lipesiae
582 873 677 930 editur
699 891 718 929 a
736 871 906 931 camerario
928 871 1023 930 oratio
1042 871 1180 948 Ziegleri,
1204 890 1223 929 a
1244 870 1435 928 Melanthoue
1454 869 1572 946 scripta.
1673 891 1676 896 ’

364 961 415 1023 21.
436 958 583 1017 Lutherns
601 958 638 1016 ad
655 958 834 1034 Eperienses
855 957 973 1016 scribite
997 956 1065 1033 „De
1085 958 1127 1017 M.
1149 957 1290 1036 Philippo
1312 955 1411 1036 (Mel.)
1431 955 1504 1014 mihi
1523 953 1605 1015 nulla
1627 964 1672 1016 est
1688 957 1810 1016 omnino
1832 957 1961 1035 suspicio
1987 958 2087 1039 (videl.
2106 958 2189 1019 illum
2209 959 2262 1020 de,-

474 1046 592 1103 flectere
609 1061 628 1101 a
648 1041 772 1107 Lntheri
793 1043 940 1101 sententia
961 1044 998 1102 de
1021 1062 1113 1104 coena
1136 1048 1248 1120 sacra),
1270 1060 1368 1122 neque
1389 1043 1427 1100 de
1447 1041 1509 1101 ullo
1527 1045 1690 1103 rasurus

367 1131 418 1192 22.
440 1130 590 1188 Medlerus
612 1137 734 1187 vocatur
754 1128 961 1209 Brunavigam.

368 1217 419 1277 30.
442 1212 601 1292 Georgius,
624 1214 767 1291 Princeps
784 1213 975 1286 Anhaltinus,
996 1214 1116 1291 eligitur
1136 1213 1302 1291 Episcopus
1324 1212 1584 1291 Merseburgeusis.

246 1305 319 1364 Mai.
387 1303 417 1361 4.
439 1301 515 1360 Loci
535 1299 694 1377 theologici
716 1299 841 1357 eduntur
860 1299 1010 1358 uberiores
1031 1306 1062 1358 et
1081 1299 1244 1360 nitidiores.

389 1389 419 1446 5.
443 1383 518 1445 Cum
539 1387 615 1445 lona
630 1384 826 1462 proficiscitur
846 1382 965 1444 Halam.

390 1476 419 1534 7.
441 1473 532 1531 Mittit
553 1471 715 1548 crucigero
736 1487 909 1548 responsum
931 1471 963 1528 in
983 1470 1089 1529 itinere
1109 1469 1264 1546 scripturn,
1286 1466 1325 1527 ad
1344 1467 1444 1528 Duces
1460 1467 1654 1531 Pomeraniae
1676 1473 1713 1532 de
1733 1470 1877 1531 electione
1898 1420 2050 1548 Episcopi.

390 1559 419 1620 8.
442 1558 532 1617 Venit
554 1557 743 1628 Wimariam,
764 1556 869 1615 ductus
890 1574 909 1613 a
930 1555 995 1615 visa
1015 1563 1229 1630 monstratore,
1256 1573 1343 1632 quem
1365 1555 1394 1612 ci
1413 1554 1535 1615 dederat
1555 1552 1680 1619 Senatus
1698 1556 2026 1634 Nanmbnrgensisa-
1981 1553 2188 1614 -Habebat
2208 1572 2264 1615 ne-

472 1643 586 1720 gotium
608 1642 762 1700 tutelare
753 1660 785 1699 ιι
805 1657 897 1701 ιιιιι
916 1641 1077 1701 liberorum
1098 1639 1261 1702 Christiani
1279 1639 1388 1699 Baieri

369 1730 419 1790 13.
441 1728 543 1787 Rediit
565 1728 763 1804 Vitebergam.

372 1817 421 1874 14.
442 1813 514 1872 Dux
532 1811 681 1873 Saxouiae
702 1811 822 1870 Elector
843 1807 931 1889 Spira
951 1811 1053 1871 relicta
1074 1811 1194 1872 domum
1216 1810 1424 1890 proficiscitur.

367 1901 418 1961 19.
441 1894 578 1972 Sabinus,
601 1897 653 1976 qui
673 1897 770 1956 adhue
788 1893 892 1974 Spirae
914 1905 970 1971 est,
989 1898 1106 1976 quaerit
1127 1897 1288 1956 divordnm
1310 1897 1347 1955 ab
1368 1913 1472 1957 uxore.

368 1985 419 2044 23.
440 1983 611 2044 camerario
633 1983 734 2043 scribit
753 1982 871 2060 prolixe
892 1983 930 2040 de
951 1983 1082 2043 moribus
1098 1980 1211 2044 Sabini.
1256 1982 1340 2061 (Vid.
1364 1983 1453 2042 etiam
1473 1982 1608 2060 epistd.
1631 1984 1662 2046 d.
1687 1981 1736 2042 24.
1757 1981 1845 2056 Maii,
1867 1979 1896 2042 d.
1920 1982 1949 2040 7.
1970 1984 2019 2046 13.
2044 1991 2076 2042 et
2100 1985 2150 2047 14.
2174 1913 2263 2061 lun.)

369 2072 419 2130 24.
440 2069 484 2129 Io.
507 2068 649 2146 Stigelins
670 2087 793 2131 uxorem
815 2068 903 2128 ducit

369 2157 420 2217 30.
443 2153 628 2216 consiliariis
650 2153 769 2212 Ducum
785 2153 978 2212 Pomeranise
999 2153 1102 2213 scribit
1122 2154 1161 2212 de
1183 2154 1323 2232 episcopo
1345 2152 1492 2232 eligendo.

239 2239 315 2303 iun.
392 2244 421 2301 4.
439 2242 514 2319 Agit
535 2259 601 2299 cnm
623 2237 746 2312 Sabino,
769 2239 820 2316 qui
839 2256 963 2298 uxorem
984 2239 1142 2317 repudiare
1162 2239 1290 2299 volebat.

391 2330 421 2388 7.
440 2327 532 2386 Mittit
552 2325 724 2386 camerario
746 2331 775 2383 et
796 2323 930 2401 Zieglero
951 2333 1064 2403 partem
1087 2324 1229 2384 orationis
1251 2325 1288 2383 de
1309 2322 1423 2401 Spiritu
1440 2331 1553 2386 sancto.

367 2414 417 2471 10.
439 2408 548 2471 Scribit
569 2412 721 2471 exordium
744 2409 959 2470 constitutionis
979 2410 1160 2471 Academiae
1177 2408 1316 2470 blancos.
1330 2411 1365 2468 in
1384 2427 1470 2471 usum
1490 2406 1603 2486 Sabini,
1624 2417 1654 2471 et
1674 2407 1815 2473 Sabinum
1838 2409 2024 2472 commendat
2033 2408 2157 2469 Alberto
2168 2406 2263 2473 Daci.

370 2502 420 2558 11.
442 2497 526 2557 Finis
548 2498 732 2556 comitiorum
754 2494 946 2572 spirensium.
999 2498 1004 2507 '

370 2586 419 2643 19.
443 2586 543 2655 Anna
565 2578 668 2641 Sabini
690 2600 775 2655 uxor,
797 2599 863 2639 curn
884 2581 985 2640 liberis
1006 2581 1068 2640 abit
1087 2583 1127 2642 ad
1149 2581 1296 2642 maritum.
1341 2580 1419 2656 Una,
1441 2589 1513 2640 natu
1535 2583 1632 2642 minor
1652 2582 1732 2658 tilia,
1746 2589 1881 2642 remanet
1901 2582 1982 2660 apud
1999 2580 2234 2642 Melanthonem.

371 2670 420 2730 18.
443 2667 551 2730 Scribit
574 2669 610 2727 de
632 2667 795 2726 elevatione
814 2667 990 2726 sacrmenti
1011 2667 1043 2726 in
1065 2685 1159 2727 coena
1179 2685 1202 2726 s.

370 2754 421 2814 24.
444 2754 622 2814 Valetudine
644 2752 729 2810 valde
749 2752 873 2813 laborat.
895 2787 939 2797 —
960 2749 1093 2831 Georgic
1114 2751 1280 2813 Anhaltino
1301 2752 1467 2829 gratulatur
1486 2753 1688 2831 episcopatum
1708 2754 1990 2831 Merseburgensem.

249 2840 306 2901 Iul.
333 2841 425 2901 1-6,
446 2839 577 2899 Laborat
599 2838 684 2897 valde
706 2837 828 2897 calculo.
850 2871 894 2880 -
915 2836 1101 2898 Camerarius
1121 2837 1227 2918 Lipsia
1243 2839 1371 2913 advenit,
1393 2847 1516 2916 accepto
1535 2840 1644 2899 nuncio
1664 2839 1702 2898 de
1722 2840 1825 2898 morbo
1841 2838 2050 2899 Melanthonis.

248 2930 329 3005 Aug.
392 2927 421 2988 8.
445 2925 514 2984 Mel.
538 2926 575 2982 ad
598 2925 698 2983 Vitum
720 2923 925 2982 Theodorum
955 2923 1057 3000 „Misit
1076 2925 1135 2983 hue
1156 2924 1345 2984 Amsdortius
1366 2943 1519 2984 censuram
1540 2923 1727 2985 coloniensis
1749 2923 1980 2985 Reformationis
2001 2924 2153 2997 acerbam,
2181 2941 2264 3001 qnae

473 3021 571 3069 tamen
592 3007 724 3069 Luthero
745 3010 827 3068 mitis
848 3009 979 3083 videtur,
1000 3017 1031 3068 et
1051 3008 1208 3069 classicum
1229 3010 1301 3068 nori
1322 3011 1488 3071 certaminis
1510 3011 1569 3070 iam
1591 3012 1699 3071 audiri.
1742 3007 1775 3071 Si
1798 3011 1930 3091 eoeperit
1946 3018 2045 3070 noster
2067 3009 2199 3068 Periclea
2222 3011 2263 3070 de

474 3116 510 3155 ea
528 3115 561 3155 re
582 3095 792 3156 contumeliose
814 3095 927 3168 dicere,
950 3094 1126 3156 discedam‘
1150 3129 1193 3141 -
1216 3094 1333 3174 (Liberi
1357 3095 1557 3172 „Reformatio
1579 3093 1803 3171 Coloniensis“,
1824 3116 1844 3157 a
1862 3097 1978 3156 Bueero
2000 3095 2137 3173 scriptus,
2159 3115 2178 3154 a
2195 3097 2263 3155 Me·

472 3183 614 3241 lanthone
634 3182 773 3260 probatus
793 3191 823 3241 et
843 3181 875 3239 in
898 3181 1071 3259 quibusdam
1093 3181 1226 3260 partibus
1248 3189 1363 3256 auctus,
1385 3183 1491 3241 deinde
1508 3182 1545 3240 ab
1566 3184 1801 3262 Archiepiscopo
1818 3182 1991 3241 Hermanno
2013 3183 2118 3255 editus,
2136 3188 2168 3239 et
2178 3180 2263 3242 Duci

473 3265 624 3328 Senoniae
645 3267 775 3327 Electuri
792 3267 909 3340 missus,
932 3267 969 3325 ab
986 3269 1044 3328 hoo
1064 3269 1124 3327 iam
1146 3268 1175 3326 d.
1199 3269 1228 3327 4.
1247 3267 1325 3327 lunii
1344 3269 1515 3328 Amsdoriio
1536 3268 1622 3327 datus
1632 3269 1698 3343 tuit,
1720 3278 1753 3328 ιι
1773 3268 1800 3327 1ι
1819 3270 1856 3328 de
1879 3287 1914 3327 eo
1936 3267 2262 3344 dieerctsententiam.)

472 3352 533 3413 Hic
555 3355 709 3413 articulum
738 3353 775 3411 de
793 3351 888 3412 libero
914 3353 1035 3414 arbitrio
1061 3360 1091 3413 et
1112 3353 1248 3432 inprimis
1273 3353 1428 3414 ιιι1ιι1ιιι
1456 3355 1493 3413 de
1520 3371 1613 3414 coena
1640 3372 1725 3415 ιιιιι
1749 3354 1835 3414 valde
1855 3354 2044 3432 reprehendit
2072 3361 2101 3411 et
2128 3354 2265 3414 incendit

473 3437 652 3513 Lntherum,
684 3446 717 3497 nt
738 3437 920 3497 Melanthoni
942 3447 972 3498 et
992 3437 1108 3499 Bucero
1129 3440 1324 3515 irasceretur,
1352 3447 1382 3499 ιι
1402 3440 1434 3498 1ι
1456 3440 1646 3500 concionibus
1667 3439 1794 3517 publicis
1819 3448 1849 3499 et
1869 3441 1900 3499 in
1919 3439 2038 3518 scriptis
2054 3439 2087 3496 in
2107 3437 2264 3500 Buocrum

475 3534 505 3583 et
524 3527 696 3584 senteutiam
719 3523 902 3582 Helveticam
925 3525 962 3584 de
980 3544 1072 3585 coena
1093 3543 1179 3584 sacra
1199 3526 1362 3586 inveheret.
1383 3521 1442 3603 (01
1456 3527 1576 3586 omniuo
1588 3523 1734 3586 Seckend.
1756 3527 1788 3584 in
1809 3526 1877 3585 hist
1890 3523 1979 3584 Lnth.
2001 3524 2053 3586 lib.
2066 3523 2122 3583 Ill.
2139 3546 2171 3604 p.
2184 3528 2263 3588 443.

357 3615 361 3621 ’
475 3619 504 3669 et
526 3611 610 3688 epist.
632 3609 773 3668 Melantb.
796 3610 834 3667 ad
856 3610 973 3687 Mycou.
994 3611 1023 3669 d.
1046 3611 1075 3672 d.
1101 3613 1149 3671 10.
1169 3607 1253 3686 Oct.)

369 3698 418 3761 13.
440 3693 589 3755 Lutherus
610 3696 806 3774 proficiscitur
826 3696 864 3753 ad
882 3696 1092 3770 Amsdortium,
1114 3716 1133 3755 a
1153 3715 1213 3776 quo
1230 3698 1347 3756 demum
1369 3697 1398 3758 d.
1422 3697 1473 3760 27.
1486 3700 1566 3775 Aug.
1588 3697 1685 3773 rediit,
1707 3697 1803 3776 magis
1823 3697 1964 3757 incensus
1985 3697 2129 3757 adversus
2151 3697 2265 3758 librum

474 3780 681 3841 Colonieusem
699 3800 787 3860 quarn
809 3789 906 3840 antea.

368 3867 418 3930 22.
441 3864 573 3946 Georgia
596 3867 759 3926 rinhaltino
782 3866 885 3926 scribit
901 3869 938 3926 de
959 3868 1146 3943 ceremoniis,
1169 3867 1254 3946 eique
1271 3867 1361 3927 mittit
1382 3868 1519 3945 exempla
1537 3869 1780 3929 testimoniorum.

247 3952 289 3979 ''¹'·
368 3953 421 4014 28.
441 3953 556 4012 Bucero
580 3954 682 4013 scribit
704 3956 740 4012 de
761 3953 807 4011 ira
825 3950 963 4013 Lntherir
995 3955 1064 4030 „Me
1086 3955 1231 4032 (iuquit),
1254 3962 1284 4013 et
1300 3950 1507 4032 Crnrigmnm,
1527 3963 1562 4014 nt
1583 3954 1691 4028 audio,
1713 3971 1778 4013 crae
1805 3953 1921 4013 vocabit
1950 3954 2041 4031 [quod
2063 3972 2126 4012 non
2149 3955 2267 4016 factum

474 4044 541 4116 estl.
585 4040 652 4117 Ego
674 4059 739 4099 sum
760 4039 920 4116 tranquilla
941 4040 1014 4112 avis,
1036 4059 1092 4099 nec
1111 4041 1221 4100 invitus
1243 4059 1281 4098 ex
1302 4040 1361 4100 hoc
1384 4041 1532 4117 ergastulo
1553 4041 1711 4114 discedam,
1732 4042 1759 4099 si
1781 4038 1905 4100 infestus
1926 4036 1974 4097 me
1994 4039 2142 4116 urgebit«

366 4126 417 4187 31.
439 4123 587 4184 lantherus
610 4127 795 4185 atrocissimo
813 4127 924 4204 scripto
947 4128 1054 4207 (turget
1073 4126 1245 4202 Scitantnlt't
1265 4138 1328 4190 bum
1346 4126 1535 4204 ilbtnbmobi)
1557 4126 1667 4185 bollum
1685 4127 1722 4185 de
1743 4143 1828 4186 sacra
1849 4144 1942 4186 coena
1961 4127 2116 4185 1ιιιιιιιιι.

242 4208 325 4289 Sept.
383 4212 412 4270 7.
436 4209 578 4288 Cruciger
598 4220 699 4270 narrat
719 4213 948 4271 connoversiam
968 4212 1044 4271 inter
1065 4211 1228 4272 Lntherurn
1250 4221 1279 4272 et
1299 4211 1369 4272 Mel.
1391 4213 1428 4272 de
1450 4230 1544 4272 coena
1563 4230 1655 4273 sacra

364 4295 414 4356 24.
436 4297 501 4355 Pax
522 4298 599 4355 inter
619 4293 758 4355 carolum
779 4295 989 4374 Imperatorem
1012 4306 1042 4355 et
1062 4316 1163 4374 regem
1187 4296 1316 4358 Galliae.

364 4381 415 4443 27.
436 4382 506 4442 Mel.
529 4382 679 4460 praefatur
701 4383 732 4441 in
754 4382 877 4441 Burenii
899 4384 1062 4443 orationem
1080 4384 1117 4443 de
1136 4385 1246 4445 scholis
1262 4383 1372 4446 literar.
1390 4390 1469 4442 reete
1489 4383 1687 4443 instituendis.
1888 4421 1900 4435 -

364 4468 416 4530 29.
439 4468 560 4528 Editnm
579 4477 624 4527 est
645 4466 768 4526 Lutheri
788 4467 880 4550 turget
898 4469 1069 4548 Meienututi
1088 4482 1150 4533 tout
1168 4471 1233 4550 beli.
1253 4468 1429 4550 Mbenbnobi
1445 4470 1530 4532 nibet
1547 4469 1591 4532 bie
1609 4467 1793 4545 Subututtu.

243 4551 311 4616 Oct.
389 4558 417 4613 1.
441 4554 510 4613 Mel.
529 4554 643 4613 calculo
661 4553 786 4612 laborat.

386 4642 414 4700 7.
438 4639 640 4699 Proficiscitur
657 4638 789 4717 Lipsiam
810 4639 842 4698 in
864 4641 1020 4700 nundinas.

366 4726 414 4785 10.
436 4726 577 4805 Myconio
596 4726 711 4785 scribit·
737 4743 802 4785 sese
829 4743 986 4785 excusasse
1006 4726 1137 4785 Lnthero
1168 4728 1249 4805 qnod
1266 4726 1372 4785 attinet
1392 4726 1431 4785 ad
1451 4725 1559 4784 librum
1580 4721 1788 4786 coloniensem
1818 4725 1855 4783 de
1876 4741 1968 4783 coena
1990 4740 2090 4796 mera,
2114 4731 2144 4781 et
2159 4724 2264 4784 addit:

471 4812 629 4886 ,Arbitror
652 4812 679 4869 ei
697 4811 886 4872 satisfactum.
931 4809 990 4871 Sed
1012 4813 1038 4870 si
1058 4813 1223 4890 intelligam
1244 4831 1305 4872 non
1328 4831 1392 4872 esse
1410 4811 1606 4886 satisfactum,
1628 4813 1666 4872 de
1687 4811 1863 4888 migratione
1884 4811 1957 4870 mihi
1978 4809 2169 4888 cogitandum
2192 4812 2263 4885 erit,

471 4907 502 4955 ut
523 4917 570 4956 me
593 4899 681 4957 etiam
703 4917 786 4958 mens
806 4896 897 4956 frater
918 4897 1080 4958 1ιοιιιιιιι.1

427 4979 502 5041 Loci
523 4983 685 5061 theologici
705 4992 839 5043 recenter
860 4982 941 5044 editi.
986 4983 1049 5062 (De
1071 4985 1179 5061 quibus
1206 4984 1361 5044 videantur
1381 5002 1456 5063 quae
1474 4984 1592 5062 scripsit
1612 4983 1651 5042 ad
1674 4983 1776 5042 Vitam
1797 4981 1912 5043 Theod.
1936 4984 1964 5041 d.
1990 4982 2039 5041 10.
2062 4979 2143 5041 Nor.
2166 4981 2200 5041 h.
2220 4985 2264 5059 a)

363 5067 413 5130 18.
436 5067 533 5126 Vertit
554 5079 733 5146 postremam
754 5068 900 5147 pagellam
920 5070 1084 5130 Ptolemaei
1113 5072 1150 5130 de
1173 5071 1399 5144 directionibus,
1426 5077 1457 5129 et
1478 5078 1666 5129 enarraturus
1684 5075 1728 5128 ιιι
1757 5068 1888 5128 eiusdem
1910 5067 2176 5147 Quadripertitum,
2196 5067 2264 5128 Ho-

239 5228 243 5241 ἱ
270 5230 275 5241 ,
468 5154 536 5214 retii
559 5164 651 5214 artem
673 5153 818 5247 poeticam
836 5164 865 5214 et
884 5156 1065 5216 dialecticen.

239 5244 243 5259 ¹
270 5248 274 5258 ’
364 5241 413 5302 19.
434 5238 568 5319 Lipsiam
591 5230 793 5319 proficiscitur
809 5250 875 5300 cnm
896 5241 981 5304 Hier.
1005 5240 1151 5303 Schurffio
1173 5243 1211 5303 ad
1232 5244 1351 5323 nuptias
1372 5241 1467 5304 Ulrici
1488 5239 1652 5302 Mordisini.

361 5329 411 5388 24.
433 5327 597 5388 Academia
619 5326 754 5387 nonnihil
772 5327 906 5388 turbatur
927 5330 1103 5409 contagione
1126 5329 1319 5408 pestilentiae.
