4718 6000
106 502 108 506 Ι
222 402 269 471 Gi
865 402 1061 504 PHlLll’l'l¹
1081 403 1400 475 MELANTHONIS
1427 404 1588 473 OPERA.

224 595 312 656 Mart.
337 599 387 659 31.
408 592 655 668 Franciscus,
679 590 796 653 Galliae
816 611 882 668 rex,
904 597 1037 654 moritur.

224 680 319 760 April.
362 683 390 742 2.
413 681 541 741 loannes
563 677 749 757 Stigelius
769 690 965 739 commoratur
985 680 1152 747 Erfurdiae.

413 765 601 828 Camerarius
618 766 813 843 proficiscitur
834 767 865 824 in
887 765 1092 828 Francouiam.

362 857 392 916 5.
417 852 501 913 Uxor
522 851 718 911 Melanthonis
736 851 848 911 calculo
870 851 993 912 laborat

412 938 457 998 Io.
479 938 619 1014 Agricola
636 938 814 996 contumelia
833 937 941 997 afflixit
963 934 1125 1017 Georgium
1147 938 1350 1012 Anhaltinum,
1371 938 1495 1017 epistola
1510 938 1627 1018 publice
1648 940 1735 999 edita.

353 1026 382 1085 6.
404 1023 473 1082 Mel.
493 1030 577 1101 rogat
596 1020 747 1095 Sabinum,
769 1033 801 1083 ut
819 1023 904 1083 liberi
925 1026 1031 1083 Annae
1052 1036 1154 1084 omues
1175 1023 1279 1103 (liliam
1300 1024 1360 1082 iam
1382 1042 1482 1084 aecum
1503 1025 1642 1102 habebat)
1664 1026 1721 1084 sibi
1742 1026 1902 1087 mittantur.

413 1105 602 1168 Conveniunt
622 1107 721 1186 Egrae
742 1106 861 1180 Caesar,
882 1105 1086 1169 Ferdiuandus
1103 1109 1182 1183 Rex,
1204 1115 1235 1169 et
1250 1110 1405 1170 Mauritius
1426 1111 1509 1173 Dux.

360 1197 388 1256 8.
412 1193 481 1253 Mel.
503 1194 591 1252 mittit
609 1197 707 1273 capita
728 1193 971 1269 consolationum,
994 1203 1026 1254 ιιι
1047 1196 1179 1256 ιᾱιιιιιιι.

341 1282 389 1340 10.
413 1279 503 1338 Mittit
524 1279 674 1338 Psalmnm
696 1299 715 1337 a
736 1297 769 1339 se
791 1281 908 1338 editum.

288 1410 291 1417 ⁴
340 1363 557 1426 17.tlndicitur
575 1365 678 1424 electio
699 1365 834 1425 Rectoris
851 1366 1040 1426 Academiae.

340 1451 391 1513 22.
414 1449 551 1510 Caesaris
572 1451 717 1509 exercitus
736 1460 779 1510 est
801 1469 892 1528 prope
910 1451 1064 1512 Misenum.

337 1536 387 1597 24.
409 1535 544 1597 Caesaris
562 1537 707 1595 exercitus
729 1537 829 1596 Albim
851 1547 977 1613 superat.
1020 1536 1141 1596 Ioannis
1162 1534 1306 1595 Friderici
1328 1535 1421 1596 Elect
1443 1537 1546 1614 copiae
1571 1538 1603 1596 in
1625 1537 1725 1616 lugam
1754 1538 1949 1598 coniiciuntur
1971 1539 2085 1617 etipse
2107 1540 2236 1618 capitur.

338 1621 388 1683 25.
408 1623 514 1682 Versio
536 1620 629 1679 latina
648 1622 717 1681 libri
738 1622 877 1695 Meuiaui,
899 1640 918 1680 a
940 1621 1079 1681 Marcello
1100 1620 1188 1694 iacta,
1206 1622 1286 1681 edita
1306 1629 1358 1680 aet.

338 1707 389 1767 26.
408 1707 526 1784 Accipit
547 1704 717 1780 Servestae,
739 1707 791 1765 nbi
812 1716 1017 1780 commoratur,
1033 1707 1189 1778 nuncium,
1210 1706 1260 1766 Pr.
1283 1708 1450 1766 illectorem
1472 1716 1589 1786 ceptum
1611 1727 1685 1782 esse,
1708 1719 1738 1767 et
1757 1708 1857 1787 fugam
1875 1717 1970 1787 parat

313 1792 396 1870 (28.)
414 1789 522 1852 Scribit
543 1793 683 1852 uxoribus
706 1791 952 1853 Concionatorum
976 1791 1231 1869 Vitebergensinm
1249 1792 1489 1871 supplicationem
1510 1795 1694 1872 promeritis
1716 1796 1754 1853 ad
1775 1791 1941 1856 Caesarem.

222 1877 292 1938 isat
360 1883 386 1940 1.
408 1878 579 1938 Melanthon
601 1898 666 1938 cum
686 1877 799 1938 familia
816 1879 848 1936 iu
864 1878 944 1956 iuga.

143 1956 148 1965 '
357 1966 386 2024 3.
408 1965 498 2024 Venit
518 1965 724 2043 Brunsvigam.
767 1961 860 2023 Simul
882 1982 948 2022 cum
970 1982 1006 2023 eo
1027 1961 1150 2022 Lutheri
1171 1962 1261 2021 vidua
1280 1972 1310 2021 et
1326 1959 1474 2040 Georgius
1490 1963 1585 2022 Maior
1607 1965 1728 2043 eiusque
1748 1964 1870 2026 familia.

360 2052 388 2110 4.
408 2046 544 2109 Caesaris
566 2051 712 2109 exercitus
732 2048 931 2127 Vitebergam
944 2048 1066 2109 obsidet
1110 2044 1221 2108 Caesar
1240 2048 1344 2108 indicit
1365 2049 1484 2108 comitia
1500 2048 1607 2109 Ulmae
1624 2049 1771 2114 habenda
1863 2087 1870 2092 ->

358 2138 387 2196 7.
406 2136 590 2196 Melanthoui
610 2135 769 2213 hospitium
790 2134 912 2194 offertur
928 2154 948 2193 a
964 2133 1116 2194 Ioeebimo
1137 2133 1248 2192 March.
1270 2133 1363 2194 lslcet.

410 2219 540 2281 Ioannes
563 2221 729 2280 Fridericus
750 2221 798 2279 El.
822 2221 927 2298 capitis
948 2220 1112 2279 damnatur.

340 2308 387 2366 10.
411 2307 480 2367 Mel.
501 2305 626 2366 Lutheri
647 2306 795 2365 viduam
785 2324 816 2364 ιιι
831 2303 961 2365 Daniam
983 2306 1142 2383 perducere
1162 2303 1323 2378 constituit,
1344 2306 1396 2365 sed
1415 2312 1485 2383 post
1504 2325 1615 2384 paucos
1636 2307 1699 2366 dies
1721 2256 1841 2386 propter
1861 2307 2003 2407 pericula,
2026 2316 2140 2368 manto
2161 2327 2238 2380 con-

443 2392 521 2466 silio,
542 2393 618 2452 redit
638 2391 849 2492 Brunsvigam,
872 2391 922 2449 ubi
942 2391 1030 2450 vidua
1050 2390 1173 2450 Lutheri
1193 2391 1309 2450 mansit.
1353 2391 1421 2468 Ipse
1442 2393 1521 2469 apud
1538 2410 1572 2453 ιι
1593 2393 1782 2452 constitutum
1803 2393 1970 2464 habebat,
1961 2413 1992 2452 m
2014 2393 2151 2470 patriam,
2173 2394 2237 2454 Pa·

444 2436 616 2551 latiriatum,
638 2478 722 2537 cuius
738 2495 846 2555 magno
865 2495 983 2556 semper
1004 2477 1159 2537 tenebatur
1177 2475 1339 2549 desiderio,
1360 2495 1438 2535 nunc
1458 2478 1564 2551 redire,
1586 2480 1710 2556 ideoque
1731 2478 1913 2539 Northusaro
1935 2479 1974 2538 ed
1995 2480 2238 2558 Meienbnrginm

445 2563 594 2623 consulem
620 2580 653 2622 ιι
679 2581 808 2642 suosque
829 2561 978 2637 conferre,
1007 2562 1144 2637 atinde,
1169 2562 1197 2622 si
1218 2561 1267 2622 ιιι
1290 2570 1355 2621 tuta
1381 2561 1474 2637 toret,
1498 2563 1622 2624 ulterius
1643 2565 1793 2642 progredi.
1836 2564 1920 2641 (Vid.
1944 2566 2007 2624 ιιιιι
2025 2584 2072 2643 ep
2094 2566 2123 2625 d
2146 2566 2177 2625 d.
2202 2567 2237 2627 5.

406 2649 558 2708 Innh.
579 2649 620 2724 a)
750 2672 755 2677 ·

336 2737 384 2796 17.
407 2733 463 2796 Itst
484 2732 730 2812 Wernigerodse,
762 2740 793 2791 ιι
819 2733 981 2812 praemittit
1002 2730 1164 2811 Georgium
1192 2715 1350 2807 Maiorem,
1383 2750 1466 2794 suam
1484 2743 1515 2793 et
1533 2731 1635 2796 Sabini
1658 2735 1767 2808 filiam,
1800 2743 1831 2795 et
1857 2734 1952 2796 filium
1979 2733 2163 2797 Northusam
2192 2739 2238 2798 ad

222 2835 225 2840 ’
445 2820 696 2898 Meienbnrgium,
725 2819 789 2897 ipse
811 2827 909 2877 autem
930 2819 1017 2878 rediit
1037 2818 1236 2894 Brnnsvigam
1257 2818 1295 2878 ad
1316 2838 1439 2879 uxorem
1462 2829 1492 2879 et
1511 2821 1721 2898 supellectilem
1748 2778 1790 2880 ibi
1817 2821 1951 2880 relictam
1973 2822 2239 2884 transvehendum.

336 2909 384 2967 18.
407 2906 472 2965 Pax
491 2907 568 2965 iuter
588 2905 746 2967 Caesarem
769 2910 798 2962 et
817 2902 960 2962 loannem
981 2903 1160 2964 Friderieum
1182 2902 1357 2979 illectorem,
1377 2904 1454 2964 fecta
1473 2906 1636 2966 interventu
1656 2906 1792 2967 Electum
1813 2907 2083 2985 Braudenburgico.
2258 2920 2261 2925 '

339 2994 388 3056 19.
411 2991 546 3051 Uxorem
568 2999 597 3050 et
618 2989 830 3069 supellectilem
847 2991 1011 3049 transvehit
1031 2987 1224 3050 Nor-thusam.

337 3079 388 3139 21.
409 3077 537 3137 Ioannes
547 3075 714 3138 Fridericns
732 3076 825 3155 copiis
846 3075 908 3135 suis
929 3085 1144 3137 armamentum
1165 3073 1287 3135 militiae
1305 3075 1436 3149 remittit,
1458 3083 1488 3135 et
1507 3075 1598 3152 iubet,
1618 3084 1653 3137 ut
1671 3085 1741 3137 aute
1762 3077 1840 3139 diem
1856 3078 1974 3139 tertium
1995 3077 2242 3144 nrbemCsessri

441 3163 569 3226 tradant.
1784 3213 1786 3217 ,

336 3249 387 3311 23.
408 3249 570 3327 Viteberga
591 3255 749 3327 occupatur
770 3247 807 3306 ab
830 3247 961 3306 exercitu
982 3245 1128 3308 Caesaris.

339 3337 389 3396 24.
409 3335 580 3395 Melanthos
602 3343 647 3394 ιιι
666 3335 697 3393 in
717 3333 827 3412 oppido
846 3331 1000 3407 Eimbeck,
1022 3342 1052 3392 et
1072 3331 1229 3394 intercedit
1248 3350 1304 3411 pro
1325 3332 1502 3392 Academiae
1512 3332 1611 3394 Viteb.
1631 3333 1846 3413 professoribus
1866 3336 1945 3413 apud
1960 3333 2230 3417 Obemburgerum

443 3422 630 3481 secretarium
648 3419 794 3481 Caesaris.

336 3508 387 3567 25.
408 3501 548 3564 Caesar
538 3525 604 3584 ipse
626 3514 671 3565 ιιι
691 3505 878 3581 Vitebcrgse.

332 3593 382 3653 26.
403 3592 495 3650 Mittit
515 3591 699 3650 tabellarium
721 3589 919 3674 Vitebergam,
941 3598 974 3647 ut
996 3586 1131 3665 exploret
1151 3594 1258 3647 statum
1280 3587 1371 3649 urbis.
1415 3585 1564 3667 Georgius
1583 3589 1732 3650 Maiores
1753 3590 1865 3652 confert
1882 3589 2060 3653 Goslariam.

335 3680 386 3739 28.
408 3677 581 3737 Melanthon
601 3678 707 3735 iterum
729 3682 924 3734 commoratur
945 3671 1123 3734 Northusae.

334 3765 385 3828 29.
406 3762 520 3823 Iterum
541 3775 664 3823 vocatur
681 3763 714 3822 in
736 3759 896 3819 Marchiam
916 3778 935 3818 a
955 3758 1106 3819 Ioachimo
1128 3757 1222 3819 Elect

360 3853 389 3912 5.
407 3850 507 3928 Rogat
529 3845 693 3927 Georgium
715 3845 920 3919 Anhaltinum,
943 3853 975 3904 ut
995 3845 1156 3904 intercedat
1176 3863 1231 3922 pro
1251 3840 1335 3904 Iusto
1356 3842 1431 3904 Iona
1451 3846 1530 3922 apud
1551 3846 1721 3907 Mauritium
1742 3847 1866 3911 Ducem.

407 3936 541 3995 Vocatur
560 3935 597 3994 ab
619 3933 780 3994 Academia
798 3932 992 4008 Tubingensi,
1013 3931 1066 3990 ssd
1082 3931 1222 3989 retinetur
1243 3949 1343 3990 amore
1365 3931 1525 3991 amicorum
1545 3932 1808 4012 Vitebergensium.

356 4023 385 4081 6.
407 4021 566 4099 Viteberga
587 4040 606 4079 a
625 4017 752 4080 Caesare
768 4019 894 4077 maditur
910 4015 1048 4076 Mauritio
1070 4015 1164 4090 Duei,
1192 4015 1242 4093 qni
1262 4016 1294 4074 iu
1312 4034 1396 4076 suam
1417 4016 1504 4076 fidem
1526 4016 1606 4078 cives
1628 4021 1736 4098 sdigit,
1762 4030 1792 4079 et
1807 4021 2025 4082 restitutionem
2045 4023 2240 4087 Academiae

417 4107 587 4185 'promittit
605 4105 735 4166 Senatui.

356 4195 384 4254 8.
407 4193 518 4253 Rector
538 4193 728 4264 Academiae,
746 4188 861 4268 Caspar
882 4185 1032 4266 Cruciger‚
1054 4187 1232 4246 Academiae
1253 4187 1390 4247 doctores
1406 4188 1511 4249 litteris
1532 4189 1648 4264 invitat,
1670 4199 1703 4250 ut
1722 4191 1846 4251 redeant
1865 4191 2063 4271 Vitebergam.

355 4282 384 4340 9.
407 4278 477 4337 Filii
497 4279 619 4337 Ioannis
641 4276 784 4337 Friderici
805 4275 951 4334 Electon's
973 4273 1153 4350 scripserant
1177 4273 1215 4331 ed
1232 4272 1467 4348 Melanthonem,
1495 4284 1526 4334 et
1545 4285 1729 4353 rogaverant,
1752 4296 1790 4337 ne
1811 4278 1849 4336 ab
1875 4279 1912 4336 iis
1934 4278 2066 4338 discedat
2086 4279 2128 4340 ad
2149 4281 2244 4344 aliea

442 4364 629 4443 Respondet,
655 4381 688 4422 ιι
709 4361 798 4422 melle
823 4359 884 4420 illis
902 4377 991 4439 quam
1013 4358 1079 4418 aliis
1100 4359 1225 4432 servire,
1251 4376 1347 4436 neque
1364 4359 1441 4419 velle
1468 4361 1499 4418 iu
1519 4360 1593 4421 alias
1614 4363 1753 4440 regiones
1774 4364 1942 4440 discedere,
1968 4365 2021 4424 scd
2042 4364 2244 4448 Vitebmgam

461 4450 596 4510 reficisci.

334 4541 383 4599 ll.
408 4470 505 4597 luitus
522 4537 611 4595 lonas
632 4543 752 4593 vocatus
774 4539 820 4592 est
840 4531 878 4590 ad
900 4531 1142 4608 gubernationem
1163 4528 1347 4589 Ειιιιιιιι
1336 4548 1370 4590 ιιι
1392 4529 1503 4611 oppido
1523 4528 1720 4594 Hildesheim

336 4626 387 4684 1³.
405 4623 537 4682 Vocatus
559 4629 605 4681 est
625 4621 662 4680 ab
684 4620 787 4679 amicis
804 4617 1003 4696 Vitebergam.
1130 4626 1133 4635 ’

335 4710 384 4769 18.
407 4708 563 4787 Philippus
579 4704 786 4784 Landgravius
807 4703 934 4763 Hsssiae
954 4700 1065 4761 Halam
1086 4699 1169 4759 veuit
1189 4700 1229 4758 ad
1244 4694 1414 4763 Caesarem

335 4797 384 4857 19.
405 4793 610 4871 Landgravius
631 4811 664 4853 se
681 4792 800 4852 subiicit
820 4785 942 4848 Caesari
963 4795 993 4847 et
1014 4786 1148 4865 captivus
1168 4785 1319 4848 retinetur.

407 4880 578 4940 Melanthos
599 4886 755 4940 revocatus
776 4895 795 4935 a
814 4873 1008 4953 Bugenhagio
1029 4878 1061 4931 et
1080 4868 1241 4949 Crudum
1260 4869 1427 4949 emtus,
1447 4870 1639 4985 ΜΨ
1651 4872 1874 4977 psalm.

333 4967 383 5029 24.
404 4965 475 5026 Filii
496 4965 617 5026 Ioannis
639 4963 783 5024 Friderici
804 4960 963 5030 Electoris,
982 4957 1096 5019 ιιιιιιιιιι
1112 4956 1224 5037 pubis
1243 4956 1283 5016 sd
1377 4974 1385 5000 ¹
1639 4962 1642 4967 '
1800 5012 1810 5031 ἱ

442 5072 513 5111 nere
534 5054 614 5112 velit.
657 5050 839 5130 Respondet,
859 5065 893 5107 ιι
913 5044 1004 5106 brevi
1012 5042 1153 5105 wisan·-

217 5140 274 5202 lnl.
357 5140 386 5200 2.
407 5138 444 5197 In
472 5139 541 5198 aula
563 5138 766 5208 Wimariensi,
793 5154 851 5213 quo
873 5133 1027 5195 Ponam
1052 5138 1084 5176 ι’

441 5225 604 5284 Academia
625 5221 829 5300 Vitebergeusi
849 5221 881 5279 iu
900 5216 1013 5296 oppidu

354 5313 384 5374 3.
404 5311 515 5375 Caesar
534 5309 640 5371 indicit
656 5308 776 5369 comitia
792 5310 921 5385 Augus
