4718 6000
679 1348 685 1358 .
1071 1269 1124 1403 Ι.
1277 1312 1283 1332 ·
1454 1391 1458 1398 q

115 1506 542 1639 auratas
593 1506 878 1640 vlu-aa
938 1424 1347 1644 raineri
1395 1425 2116 1647 aerumnam·

932 2103 1092 2169 ANNO
1138 2104 1263 2170 1497.

86 2251 141 2336 D·
173 2264 333 2361 16.,l²ebr.
358 2283 459 2340 minut
485 2280 503 2339 6
530 2289 598 2361 poet
620 2280 723 2340 horam
746 2280 980 2361 pomeridiqnam
1002 2279 1132 2339 nascitur
1161 2279 1361 2358 Philippus
1391 2278 1633 2343 Schwaraerd
1657 2285 1689 2342 in
1713 2282 1825 2362 oppido
1854 2282 2036 2343 Palatiuatua
2063 2285 2103 2343 ad

88 2369 225 2428 Rhenum
249 2366 418 2440 Bretten,
442 2376 527 2444 patre
550 2364 721 2443 Georgio
743 2363 951 2439 Schwarzerd,
970 2383 1116 2426 umorum
1133 2366 1275 2443 magietro
1292 2366 1440 2443 Principia
1463 2367 1592 2428 Palatini
1613 2368 1776 2441 Electoria,
1800 2379 1893 2429 moue
1916 2368 2102 2446 Barbara,

88 2456 154 2514 fllia
172 2455 329 2514 Ioanuia
352 2453 556 2523 Reutheri,
575 2453 625 2530 qui
642 2461 671 2510 et
688 2451 890 2529 praefecturae
907 2452 1009 2529 oppidi
1027 2471 1146 2511 munere
1168 2471 1221 2529 per
1239 2452 1351 2531 aliquot
1368 2471 1462 2513 aanor
1480 2451 1597 2514 functus
1621 2466 1675 2514 eat.
1692 2487 1736 2498 —
1753 2450 1862 2514 Scribit
1886 2442 2043 2532 Philippus
2065 2455 2097 2513 in

90 2541 217 2619 epictola
240 2541 277 2600 ad
303 2540 505 2617 Mattheaiumr
532 2547 619 2614 ,ante
641 2539 797 2614 aexagiuta
822 2557 915 2597 aarnoe
942 2555 1024 2596 meua
1047 2547 1131 2615 pater
1152 2538 1224 2596 mihi
1249 2540 1375 2599 deacribl
1398 2542 1541 2619 γενέθλια
1563 2542 1677 2600 curavit
1699 2561 1717 2598 a
1734 2540 1863 2600 Palatini
1884 2540 2101 2614 Mathematicc,

90 2628 156 2686 viro
173 2627 343 2703 ingenioso,
367 2625 568 2697 Haesurto,
590 2624 685 2685 amico
703 2643 767 2683 auo.
811 2625 846 2683 ln
871 2643 907 2682 ec
926 2624 1129 2701 praedictione
1153 2623 1262 2684 diserte
1282 2626 1423 2703 aeriptum
1442 2636 1503 2699 eat,
1525 2627 1633 2685 itinera
1655 2645 1701 2685 me
1725 2628 1764 2685 ad
1788 2626 1912 2687 Boreum
1935 2625 2102 2705 periculcca

87 2713 257 2772 habiturum
281 2729 361 2785 eoae,
386 2720 415 2770 et
437 2730 484 2769 me
507 2711 539 2770 in
562 2712 635 2770 mari
663 2710 779 2770 Baltico
801 2709 988 2788 naufragium
1014 2710 1252 2771 metretarum.
1295 2709 1405 2790 Saepe¹
1420 2713 1544 2772 miratur
1568 2730 1649 2786 aum,
1673 2731 1725 2772 cur
1748 2711 1819 2772 mssri
1835 2721 1906 2772 nato
1928 2713 1960 2772 in
1977 2712 2101 2772 collibua

87 2796 197 2859 Rheno
213 2799 318 2858 vicinia
335 2797 516 2877 praedixerit
534 2795 664 2875 pericula
680 2797 712 2856 in
730 2800 842 2856 Arctoo
860 2793 989 2856 Oceano.
1034 2795 1101 2856 Neo
1118 2797 1198 2856 volui
1222 2816 1257 2856 eo
1281 2798 1423 2858 accedere
1448 2800 1629 2859 vocatua'in
1651 2797 1835 2858 Britanniam
1857 2807 1888 2858 et
1907 2798 1939 2859 in
1961 2797 2101 2859 Daniarn.
2209 2836 2215 2851 κ

86 2885 191 2945 lletuo
212 2895 308 2944 tamen
326 2885 397 2956 fata,
416 2884 608 2943 etiamsinon
626 2901 693 2943 aum
709 2879 856 2944 stoieuess
888 2962 894 2973 .
985 2955 988 2964 Ι
2089 2892 2103 2905 ’“

803 3058 839 3085 ”
932 3044 1105 3167 ΑΝΝσ’
1131 3101 1258 3167 150⁷.

246 3261 285 3321 D.
305 3262 355 3319 27.
373 3257 440 3319 Oct
459 3261 582 3319 moritur
598 3269 681 3338 pater
700 3259 832 3339 Philippi
849 3278 886 3318 ea
901 3260 939 3318 de
957 3276 1056 3333 cauca,
1074 3269 1106 3318 ut
1122 3257 1287 3334 serebatur,
1305 3256 1386 3339 quod
1403 3283 1431 3321 a.
1453 3264 1545 3323 1504.
1563 3263 1743 3337 Monhemii,
1761 3263 1811 3323 ubi
1835 3282 1918 3329 orma
1934 3264 1973 3322 ad
1994 3262 2104 3323 bellum

87 3348 231 3427 parabat,
253 3367 290 3407 ex
307 3355 397 3424 puteo
414 3364 528 3406 veneno
544 3347 655 3406 infecto
674 3345 804 3407 bibisset.
849 3344 980 3424 Reliquit
998 3341 1164 3424 Georgius,
1185 3355 1303 3424 praeter
1318 3347 1505 3427 Philippum,
1527 3349 1622 3409 fllium
1645 3347 1862 3432 Georgium,
1886 3350 2027 3428 Philippo
2051 3349 2105 3409 mi·

88 3453 192 3494 norem
214 3434 299 3493 annia
315 3450 376 3492 non
393 3450 513 3510 proraua
530 3442 674 3510 quatuor,
700 3441 729 3491 et
746 3442 807 3492 trec
830 3431 923 3505 tilica,
952 3449 1028 3510 quoa
1056 3441 1140 3512 patre
1157 3433 1276 3495 orbator
1292 3451 1366 3495 arua
1388 3435 1553 3495 loannes
1577 3434 1764 3509 Reuther,
1789 3437 1839 3513 qui
1863 3437 1965 3501 ecdem
1989 3453 2106 3514 quoque

91 3524 183 3579 nanc²
196 3519 278 3592 obiit,
296 3518 375 3598 apud
392 3536 425 3578 ae
443 3520 561 3577 edoari
582 3519 682 3580 voluit
1051 3548 1054 3553 ·
1085 3544 1088 3549 ¹

846 3796 851 3809 .
934 3694 1263 3809 annotatae.

249 3896 365 3973 ,Quum
384 3898 413 3955 in
432 3898 531 3957 ludum
549 3897 698 3974 publicum
716 3888 902 3958 mitterentur
915 3878 1065 3975 ‘pueri-illi
1082 3897 1187 3957 fratrea
1204 3885 1302 3976 coepit
1324 3906 1385 3956 tum
1403 3897 1468 3956 luca
1485 3898 1572 3958 foeta
1595 3901 1702 3977 partim
1728 3899 1861 3958 bominac
1888 3899 1919 3955 in
1944 3894 2109 3957 Germania
2228 3920 2240 3943 ⁰

89 3986 219 4065 primum
238 3985 393 4055 invadere,
414 3993 444 4042 et
464 3985 601 4042 miserum
625 3985 655 4042 in
674 3984 792 4043 modum
818 4002 878 4041 non
902 3981 998 4043 colum
1024 3983 1239 4054 excruciando,
1261 3984 1313 4042 aed
1337 3983 1518 4056 mutilando,
1543 3995 1571 4043 et
1596 3984 1728 4043 membra
1752 3984 1937 4061 depaacendo
1963 3983 2108 4060 affligere,

91 4089 181 4148 quam
205 4068 423 4148 Hispanicum
454 4069 603 4142 nonnulli,
629 4069 760 4146 plerique
787 4067 947 4130 caueam
977 4067 1177 4127 nominabant.
1228 4067 1296 4142 Quo
1325 4070 1403 4128 malo
1436 4088 1526 4146 quum
1554 4071 1728 4149 Magistrum
1759 4070 1822 4129 ludi
1850 4087 1924 4129 avua
1950 4089 2108 4147 puerorum

89 4166 244 4217 maternus
270 4155 405 4215 laborare
429 4157 611 4228 reaciviaaet,
636 4157 840 4234 contagionem
864 4164 1014 4227 metuens,
1036 4163 1160 4234 nepotes
1176 4155 1257 4215 domi
1282 4157 1360 4233 apud
1385 4173 1417 4214 ae
1441 4157 1610 4216 retinendos
1634 4159 1747 4217 anxiet
1794 4151 1958 4233 (Camerar.
1982 4157 2014 4215 in
2039 4155 2109 4214 Vita

91 4243 163 4303 lael.
182 4262 211 4321 p.
231 4242 275 4317 6.)
320 4241 530 4319 Praeceptorea
552 4242 656 4300 habuit
677 4260 755 4300 nunc
784 4242 959 4300 Ioannem
989 4239 1203 4318 Hungarum
1227 4242 1257 4299 el
1281 4239 1479 4318 Georgium
1503 4240 1714 4314 Simlerum,
1744 4243 1821 4301 ludia
1845 4241 2021 4302 Phorcenaia
2046 4242 2109 4301 Ma·

90 4331 227 4408 giauum.
279 4327 327 4386 De
350 4327 495 4404 ilungero
518 4333 648 4406 (mortuo
671 4326 887 4404 auno'1553.)
910 4326 1080 4405 Melanthea
1102 4328 1134 4386 in
1152 4327 1301 4406 Explicat.
1321 4328 1465 4405 Evangel.
1489 4324 1578 4388 Doni.
1602 4350 1632 4408 p.
1658 4331 1730 4390 804.
1754 4328 1789 4388 Ρ.
1811 4327 1866 4387 ΙΠ.
1890 4328 1963 4386 haec
1985 4334 2110 4388 teatutua

92 4422 153 4497 e'atj:
174 4415 258 4491 „llgc
275 4402 365 4473 lll'ubai
383 4395 617 4492 praeceptoreln,
636 4415 688 4493 qul
705 4404 761 4473 fult
778 4408 1163 4492 e'xcellena‘grulllmaticua.
1182 4430 1225 4464 ⁴-
1244 4412 1299 4472 Ille
1315 4414 1415 4492 adegit
1436 4434 1483 4473 me
1506 4417 1544 4474 ad
1563 4413 1811 4488 Grammaticam,
1835 4423 1865 4473 et
1881 4415 1924 4473 ita
1939 4414 2054 4492 adegit,
2076 4420 2111 4472 ut

94 4502 331 4562 conatractiodca
351 4500 493 4559 facerem:
519 4502 647 4578 cogebar
661 4502 789 4560 reddere
803 4494 924 4579 degulaa
942 4498 1169 4560 donatrdltionia
1186 4514 1240 4578 per
1256 4517 1358 4560 reraua
1376 4501 1531 4560 Mantuani
1549 4503 1590 4560 20
1608 4509 1659 4560 ant
1678 4503 1729 4561 30.
1775 4500 1860 4560 Nihil
1878 4501 2043 4578 patiebatur
2062 4518 2110 4560 me

93 4585 253 4655 omittere3'
269 4588 385 4663 q'uotier
406 4589 537 4646 errabam
555 4589 645 4646 dabat
663 4587 765 4666 plagae
783 4586 864 4659 milri,
883 4592 913 4646 e‘t
929 4590 1027 4647 tamen
1038 4590 1082 4646 'ea
1099 4579 1307 4660 moderatione,
1326 4604 1402 4664 quae
1420 4595 1485 4645 erat
1501 4587 1690 4648 convenient.
1735 4587 1783 4645 Ita
1804 4604 1852 4645 me
1868 4587 1937 4646 fecit
1954 4583 2110 4646 Gramma·

95 4674 197 4733 ficum.
241 4673 314 4733 Erat
331 4675 377 4731 vir
393 4675 531 4752 optimus,
550 4674 653 4733 dilexit
669 4692 716 4732 me
735 4674 885 4748 attilium,
904 4681 934 4732 et
950 4692 1006 4751 ego
1025 4693 1090 4733 eam
1108 4681 1141 4733 ut
1157 4677 1299 4751 patrem.“
1834 4668 1839 4682 “

250 4757 298 4817 De
316 4761 415 4818 indole
433 4772 461 4818 et
487 4761 591 4819 atudiia
617 4760 747 4838 Philippi
773 4760 828 4818 hoc
850 4770 982 4837 tempore
1007 4758 1195 4820 Camerariua'
1215 4760 1245 4818 in
1271 4760 1331 4819 vita
1355 4759 1553 4819 Melanthonia
1575 4760 1662 4818 hacc:
1691 4758 1841 4833 ,Eminuit
1862 4760 1961 4818 atatim
1984 4761 2016 4817 in
2033 4757 2110 4834 ¹l’lri-

96 4848 178 4925 lippo
198 4848 375 4922 praestantia
392 4847 513 4925 ingenii,
533 4848 612 4925 quod
631 4855 661 4904 et
678 4846 812 4905 celeriter
829 4848 992 4924 perciperet
1013 4855 1100 4924 atque
1118 4847 1379 4923 comprehenderet
1396 4864 1473 4920 quae
1494 4846 1699 4918 tradebantur,
1723 4850 1751 4904 et
1768 4845 1894 4905 lideliter
1918 4840 2108 4918 meminiaaet,

97 4943 125 4992 ct
140 4932 256 5010 liquido
274 4950 423 5010 exponere
440 4933 492 4992 illa
510 4934 607 4992 eoiret.
651 4931 751 5009 thue
768 4933 802 4991 fit
822 4933 853 4991 in
870 4933 1023 5011 generosis
1046 4933 1166 5005 animia,
1191 4934 1222 4991 in
1247 4934 1351 5010 puerili
1373 4941 1434 4990 tum
1458 4933 1545 4990 etiam
1571 4940 1665 4991 aetate
1691 4932 1849 4991 admodum
1872 4932 2023 5010 quieacere
2048 4950 2107 4990 non

97 5027 230 5097 poterat,
248 5019 300 5076 aed
317 5021 475 5096 quaerebat
496 5020 604 5096 ubique
621 5018 759 5094 aliquem,
778 5039 843 5078 cum
862 5039 921 5097 quc
938 5019 976 5085 do
993 5019 1102 5087 aucuia
1117 5020 1289 5098 deputaret.
1334 5019 1380 5077 Ea
1403 5026 1486 5076 erant
1503 5019 1640 5077 nimirum
1664 5026 1823 5096 praecepta
1847 5019 1918 5077 artie
1942 5019 2109 5096 grammati·

99 5123 149 5164 cae
168 5115 198 5162 et
215 5105 301 5163 initia
317 5107 461 5165 sermonis
479 5106 572 5164 latini.
594 5140 634 5150 -
653 5103 824 5163 Ferventior
840 5104 1044 5182 incitatiorqae
1066 5106 1097 5164 iu
1116 5125 1152 5165 eo
1169 5106 1285 5165 animus
1301 5105 1423 5164 immitia
1440 5113 1492 5163 ant
1515 5123 1622 5165 aaevna
1647 5124 1707 5163 nou
1731 5105 1800 5177 fuit,
1826 5124 1949 5183 cumque
1973 5112 2050 5162 eaaet
2071 5105 2109 5162 ad

97 5190 280 5250 nucundiam
297 5191 640 5269 pronior,nil1il·tamen
665 5190 735 5249 iecit
757 5208 886 5267 unquam
909 5196 1089 5264 conmotus,
1111 5191 1191 5269 qnod
1211 5193 1359 5268 inriguam
1380 5191 1502 5249 habaet
1524 5191 1759 5264 deformitatem,
1783 5199 1835 5250 aut
1850 5192 1970 5251 omnino
1989 5208 2116 5268 magno-

306 5325 454 5368 auum.
474 5326 556 5367 om
577 5325 640 5366 rou
659 5324 760 5366 mm.
860 5374 865 5387 .
1879 5313 1904 5359 Α
